@article{Deruelle:2014zza,
      author         = "Deruelle, Nathalie and Rua, Josephine",
      title          = "{Disformal Transformations, Veiled General Relativity and
                        Mimetic Gravity}",
      journal        = "JCAP",
      volume         = "1409",
      year           = "2014",
      pages          = "002",
      doi            = "10.1088/1475-7516/2014/09/002",
      eprint         = "1407.0825",
      archivePrefix  = "arXiv",
      primaryClass   = "gr-qc",
      SLACcitation   = "%%CITATION = ARXIV:1407.0825;%%"
}

@article{Bekenstein:1992pj,
      author         = "Bekenstein, Jacob D.",
      title          = "{The Relation between physical and gravitational
                        geometry}",
      journal        = "Phys. Rev.",
      volume         = "D48",
      year           = "1993",
      pages          = "3641-3647",
      doi            = "10.1103/PhysRevD.48.3641",
      eprint         = "gr-qc/9211017",
      archivePrefix  = "arXiv",
      primaryClass   = "gr-qc",
      reportNumber   = "UCSB-TH-92-41, UCSBTH-92-41",
      SLACcitation   = "%%CITATION = GR-QC/9211017;%%"
}

@article{Neronov:1900zz,
      author         = "Neronov, A. and Vovk, I.",
      title          = "{Evidence for strong extragalactic magnetic fields from
                        Fermi observations of TeV blazars}",
      journal        = "Science",
      volume         = "328",
      year           = "2010",
      pages          = "73-75",
      doi            = "10.1126/science.1184192",
      eprint         = "1006.3504",
      archivePrefix  = "arXiv",
      primaryClass   = "astro-ph.HE",
      SLACcitation   = "%%CITATION = ARXIV:1006.3504;%%"
}
@article{Mirzagholi:2014ifa,
      author         = "Mirzagholi, Leila and Vikman, Alexander",
      title          = "{Imperfect Dark Matter}",
      journal        = "JCAP",
      volume         = "1506",
      year           = "2015",
      pages          = "028",
      doi            = "10.1088/1475-7516/2015/06/028",
      eprint         = "1412.7136",
      archivePrefix  = "arXiv",
      primaryClass   = "gr-qc",
      reportNumber   = "LMU-ASC-08-15",
      SLACcitation   = "%%CITATION = ARXIV:1412.7136;%%"
}
@article{Cheng:2006us,
      author         = "Cheng, Hsin-Chia and Luty, Markus A. and Mukohyama,
                        Shinji and Thaler, Jesse",
      title          = "{Spontaneous Lorentz breaking at high energies}",
      journal        = "JHEP",
      volume         = "05",
      year           = "2006",
      pages          = "076",
      doi            = "10.1088/1126-6708/2006/05/076",
      eprint         = "hep-th/0603010",
      archivePrefix  = "arXiv",
      primaryClass   = "hep-th",
      reportNumber   = "HUTP-06-A0006, UTAP-551",
      SLACcitation   = "%%CITATION = HEP-TH/0603010;%%"
}

@article{Hammer:2015pcx,
      author         = "Hammer, Katrin and Vikman, Alexander",
      title          = "{Many Faces of Mimetic Gravity}",
      year           = "2015",
      eprint         = "1512.09118",
      archivePrefix  = "arXiv",
      primaryClass   = "gr-qc",
      SLACcitation   = "%%CITATION = ARXIV:1512.09118;%%"
}
@article{Babichev:2017lrx,
      author         = "Babichev, Eugeny and Ramazanov, Sabir",
      title          = "{Caustic free completion of pressureless perfect fluid
                        and k-essence}",
      journal        = "JHEP",
      volume         = "08",
      year           = "2017",
      pages          = "040",
      doi            = "10.1007/JHEP08(2017)040",
      eprint         = "1704.03367",
      archivePrefix  = "arXiv",
      primaryClass   = "hep-th",
      SLACcitation   = "%%CITATION = ARXIV:1704.03367;%%"
}
@article{Golovnev:2013jxa,
      author         = "Golovnev, Alexey",
      title          = "{On the recently proposed Mimetic Dark Matter}",
      journal        = "Phys. Lett.",
      volume         = "B728",
      year           = "2014",
      pages          = "39-40",
      doi            = "10.1016/j.physletb.2013.11.026",
      eprint         = "1310.2790",
      archivePrefix  = "arXiv",
      primaryClass   = "gr-qc",
      SLACcitation   = "%%CITATION = ARXIV:1310.2790;%%"
}

@article{Barvinsky:2013mea,
      author         = "Barvinsky, A. O.",
      title          = "{Dark matter as a ghost free conformal extension of
                        Einstein theory}",
      journal        = "JCAP",
      volume         = "1401",
      year           = "2014",
      pages          = "014",
      doi            = "10.1088/1475-7516/2014/01/014",
      eprint         = "1311.3111",
      archivePrefix  = "arXiv",
      primaryClass   = "hep-th",
      SLACcitation   = "%%CITATION = ARXIV:1311.3111;%%"
}

@article{Chamseddine:2013kea,
      author         = "Chamseddine, Ali H. and Mukhanov, Viatcheslav",
      title          = "{Mimetic Dark Matter}",
      journal        = "JHEP",
      volume         = "11",
      year           = "2013",
      pages          = "135",
      doi            = "10.1007/JHEP11(2013)135",
      eprint         = "1308.5410",
      archivePrefix  = "arXiv",
      primaryClass   = "astro-ph.CO",
      SLACcitation   = "%%CITATION = ARXIV:1308.5410;%%"
}
@article{Chamseddine:2014vna,
      author         = "Chamseddine, Ali H. and Mukhanov, Viatcheslav and Vikman,
                        Alexander",
      title          = "{Cosmology with Mimetic Matter}",
      journal        = "JCAP",
      volume         = "1406",
      year           = "2014",
      pages          = "017",
      doi            = "10.1088/1475-7516/2014/06/017",
      eprint         = "1403.3961",
      archivePrefix  = "arXiv",
      primaryClass   = "astro-ph.CO",
      SLACcitation   = "%%CITATION = ARXIV:1403.3961;%%"
}
@article{ArkaniHamed:2006dz,
      author         = "Arkani-Hamed, Nima and Motl, Lubos and Nicolis, Alberto
                        and Vafa, Cumrun",
      title          = "{The String landscape, black holes and gravity as the
                        weakest force}",
      journal        = "JHEP",
      volume         = "06",
      year           = "2007",
      pages          = "060",
      doi            = "10.1088/1126-6708/2007/06/060",
      eprint         = "hep-th/0601001",
      archivePrefix  = "arXiv",
      primaryClass   = "hep-th",
      reportNumber   = "HUTP-05-A0057",
      SLACcitation   = "%%CITATION = HEP-TH/0601001;%%"
}

@article{Adelberger:2003qx,
      author         = "Adelberger, Eric and Dvali, Gia and Gruzinov, Andrei",
      title          = "{Photon mass bound destroyed by vortices}",
      journal        = "Phys. Rev. Lett.",
      volume         = "98",
      year           = "2007",
      pages          = "010402",
      doi            = "10.1103/PhysRevLett.98.010402",
      eprint         = "hep-ph/0306245",
      archivePrefix  = "arXiv",
      primaryClass   = "hep-ph",
      SLACcitation   = "%%CITATION = HEP-PH/0306245;%%"
}
â
@article{Langlois:2015skt,
      author         = "Langlois, David and Noui, Karim",
      title          = "{Hamiltonian analysis of higher derivative scalar-tensor
                        theories}",
      journal        = "JCAP",
      volume         = "1607",
      year           = "2016",
      number         = "07",
      pages          = "016",
      doi            = "10.1088/1475-7516/2016/07/016",
      eprint         = "1512.06820",
      archivePrefix  = "arXiv",
      primaryClass   = "gr-qc",
      SLACcitation   = "%%CITATION = ARXIV:1512.06820;%%"
}
@article{Langlois:2015cwa,
      author         = "Langlois, David and Noui, Karim",
      title          = "{Degenerate higher derivative theories beyond Horndeski:
                        evading the Ostrogradski instability}",
      journal        = "JCAP",
      volume         = "1602",
      year           = "2016",
      number         = "02",
      pages          = "034",
      doi            = "10.1088/1475-7516/2016/02/034",
      eprint         = "1510.06930",
      archivePrefix  = "arXiv",
      primaryClass   = "gr-qc",
      SLACcitation   = "%%CITATION = ARXIV:1510.06930;%%"
}



@article{Babichev:2016hys,
      author         = "Babichev, Eugeny",
      title          = "{Formation of caustics in k-essence and Horndeski
                        theory}",
      journal        = "JHEP",
      volume         = "04",
      year           = "2016",
      pages          = "129",
      doi            = "10.1007/JHEP04(2016)129",
      eprint         = "1602.00735",
      archivePrefix  = "arXiv",
      primaryClass   = "hep-th",
      reportNumber   = "LPT-ORSAY-16-34",
      SLACcitation   = "%%CITATION = ARXIV:1602.00735;%%"
}

@article{Mukohyama:2016ipl,
      author         = "Mukohyama, Shinji and Namba, Ryo and Watanabe, Yota",
      title          = "{Is the DBI scalar field as fragile as other $k$-essence
                        fields?}",
      journal        = "Phys. Rev.",
      volume         = "D94",
      year           = "2016",
      number         = "2",
      pages          = "023514",
      doi            = "10.1103/PhysRevD.94.023514",
      eprint         = "1605.06418",
      archivePrefix  = "arXiv",
      primaryClass   = "hep-th",
      reportNumber   = "YITP-16-63, IPMU16-0073",
      SLACcitation   = "%%CITATION = ARXIV:1605.06418;%%"
}
@article{Tanahashi:2017kgn,
      author         = "Tanahashi, Norihiro and Ohashi, Seiju",
      title          = "{Wave propagation and shock formation in the most general
                        scalar-tensor theories}",
      year           = "2017",
      eprint         = "1704.02757",
      archivePrefix  = "arXiv",
      primaryClass   = "hep-th",
      reportNumber   = "OU-HET-929",
      SLACcitation   = "%%CITATION = ARXIV:1704.02757;%%"
}
@article{deRham:2016ged,
      author         = "de Rham, Claudia and Motohashi, Hayato",
      title          = "{Caustics for Spherical Waves}",
      journal        = "Phys. Rev.",
      volume         = "D95",
      year           = "2017",
      number         = "6",
      pages          = "064008",
      doi            = "10.1103/PhysRevD.95.064008",
      eprint         = "1611.05038",
      archivePrefix  = "arXiv",
      primaryClass   = "hep-th",
      SLACcitation   = "%%CITATION = ARXIV:1611.05038;%%"
}
@article{Arnowitt:1962hi,
      author         = "Arnowitt, Richard L. and Deser, Stanley and Misner,
                        Charles W.",
      title          = "{The Dynamics of general relativity}",
      journal        = "Gen. Rel. Grav.",
      volume         = "40",
      year           = "2008",
      pages          = "1997-2027",
      doi            = "10.1007/s10714-008-0661-1",
      eprint         = "gr-qc/0405109",
      archivePrefix  = "arXiv",
      primaryClass   = "gr-qc",
      SLACcitation   = "%%CITATION = GR-QC/0405109;%%"
}

@book{Mukhanov:2005sc,
      author         = "Mukhanov, V.",
      title          = "{Physical Foundations of Cosmology}",
      publisher      = "Cambridge University Press",
      year           = "2005",
      url            = "http://www-spires.fnal.gov/spires/find/books/www?cl=QB981.M89::2005",
      ISBN           = "0521563984, 9780521563987",
      SLACcitation   = "%%CITATION = INSPIRE-706151;%%"
}
@book{Poisson,
author         = "Eric Poisson",
      title          = "{A Relativist's Toolkit, The Mathematics of Black-Hole Mechanics}",
      publisher      = "Cambridge University Press",
      year           = "2004",
}

@article{Ade:2013lta,
      author         = "Ade, P.A.R. and others",
      title          = "{Planck 2013 results. XVI. Cosmological parameters}",
      collaboration  = "Planck Collaboration",
      year           = "2013",
      eprint         = "1303.5076",
      archivePrefix  = "arXiv",
      primaryClass   = "astro-ph.CO",
      SLACcitation   = "%%CITATION = ARXIV:1303.5076;%%",
}
@Article{Cai:2010zma,
     author    = "Cai, Yi-Fu and Saridakis, Emmanuel N.",
     title     = "{Cyclic cosmology from Lagrange-multiplier modified
                  gravity}",
     journal   = "Class. Quant. Grav.",
     volume    = "28",
     year      = "2011",
     pages     = "035010",
     eprint    = "1007.3204",
     archivePrefix = "arXiv",
     primaryClass  =  "astro-ph.CO",
     doi       = "10.1088/0264-9381/28/3/035010",
     SLACcitation  = "%%CITATION = 1007.3204;%%"
}

@Article{Gourgoulhon:2006bn,
     author    = "Gourgoulhon, Eric",
     title     = "{An introduction to relativistic hydrodynamics}",
     journal   = "EAS Publ. Ser.",
     volume    = "21",
     year      = "2006",
     pages     = "43",
     eprint    = "gr-qc/0603009",
     archivePrefix = "arXiv",
     SLACcitation  = "%%CITATION = GR-QC/0603009;%%"
}
@article{Bertacca:2007ux,
      author         = "Bertacca, Daniele and Matarrese, Sabino and Pietroni,
                        Massimo",
      title          = "{Unified Dark Matter in Scalar Field Cosmologies}",
      journal        = "Mod.Phys.Lett.",
      volume         = "A22",
      pages          = "2893-2907",
      doi            = "10.1142/S0217732307025893",
      year           = "2007",
      eprint         = "astro-ph/0703259",
      archivePrefix  = "arXiv",
      primaryClass   = "ASTRO-PH",
}
@Article{Creminelli:2009mu,
author = "Creminelli, Paolo and D'Amico, Guido and Norena, Jorge and
Senatore, Leonardo and Vernizzi, Filippo",
title = "{Spherical collapse in quintessence models with zero speed
of sound}",
journal = "JCAP",
volume = "1003",
year = "2010",
pages = "027",
eprint = "0911.2701",
archivePrefix = "arXiv",
primaryClass = "astro-ph.CO",
doi = "10.1088/1475-7516/2010/03/027",
SLACcitation = "%%CITATION = 0911.2701;%%"
} 

@Article{ArkaniHamed:2003uy,
author = "Arkani-Hamed, Nima and Cheng, Hsin-Chia and Luty, Markus A.
and Mukohyama, Shinji",
title = "{Ghost condensation and a consistent infrared modification
of gravity}",
journal = "JHEP",
volume = "05",
year = "2004",
pages = "074",
eprint = "hep-th/0312099",
archivePrefix = "arXiv",
doi = "10.1088/1126-6708/2004/05/074",
SLACcitation = "%%CITATION = HEP-TH/0312099;%%"
} 

@article{Giannakis:2005kr,
      author         = "Giannakis, Dimitrios and Hu, Wayne",
      title          = "{Kinetic unified dark matter}",
      journal        = "Phys.Rev.",
      volume         = "D72",
      pages          = "063502",
      doi            = "10.1103/PhysRevD.72.063502",
      year           = "2005",
      eprint         = "astro-ph/0501423",
      archivePrefix  = "arXiv",
      primaryClass   = "astro-ph",
}
@article{Scherrer:2004au,
      author         = "Scherrer, Robert J.",
      title          = "{Purely kinetic k-essence as unified dark matter}",
      journal        = "Phys.Rev.Lett.",
      volume         = "93",
      pages          = "011301",
      doi            = "10.1103/PhysRevLett.93.011301",
      year           = "2004",
      eprint         = "astro-ph/0402316",
      archivePrefix  = "arXiv",
      primaryClass   = "astro-ph",
}
@Article{Bertacca:2010ct,
author = "Bertacca, Daniele and Bartolo, Nicola and Matarrese, Sabino
",
title = "{Unified Dark Matter Scalar Field Models}",
year = "2010",
eprint = "1008.0614",
archivePrefix = "arXiv",
primaryClass = "astro-ph.CO",
SLACcitation = "%%CITATION = 1008.0614;%%"
} 

@book{Landafshitz_Fluid,
	Author = {Landau, L.~D., and Lifshitz, E.~M.},
	Publisher = "Pergamon Press",
	title	= "{Course of Theoretical Physics, Vol. 6, Fluid Mechanics}",
	year = "1987",
	edition ="{Second English Edition, Revised}"
}

@book{LandavshitzV,
	Author = {Landau, L.~D. and Lifshitz, E.~M.},
	Publisher = {Pergamon Press},
	Title = {{Course of Theoretical Physics, Vol. 5, Statistical Physics, Part 1}},
	Year = {1980}}
	
@book{LandavshitzIX,
	author = {Landau,L.~D. and Lifshitz, E.~M.},
	publisher = "Pergamon Press",	
	title = "{Course of Theoretical Physics, Vol. 9, Statistical Physics, Part 2}",
	year = "1980"
}
@Article{Israel:1976tn,
     author    = "Israel, W.",
     title     = "{Nonstationary irreversible thermodynamics: A Causal
                  relativistic theory}",
     journal   = "Ann. Phys.",
     volume    = "100",
     year      = "1976",
     pages     = "310-331",
     doi       = "10.1016/0003-4916(76)90064-6",
     SLACcitation  = "%%CITATION = APNYA,100,310;%%"
}





@Article{Copeland:2006wr,
     author    = "Copeland, Edmund J. and Sami, M. and Tsujikawa, Shinji",
     title     = "{Dynamics of dark energy}",
     journal   = "Int. J. Mod. Phys.",
     volume    = "D15",
     year      = "2006",
     pages     = "1753-1936",
     eprint    = "hep-th/0603057",
     archivePrefix = "arXiv",
     doi       = "10.1142/S021827180600942X",
     SLACcitation  = "%%CITATION = HEP-TH/0603057;%%"
}

@Article{Lim:2010yk,
     author    = "Lim, Eugene A. and Sawicki, Ignacy and Vikman, Alexander",
     title     = "{Dust of Dark Energy}",
     journal   = "JCAP",
     volume    = "1005",
     year      = "2010",
     pages     = "012",
     eprint    = "1003.5751",
     archivePrefix = "arXiv",
     primaryClass  =  "astro-ph.CO",
     doi       = "10.1088/1475-7516/2010/05/012",
     SLACcitation  = "%%CITATION = 1003.5751;%%"
}
@Article{Blas:2010hb,
     author    = "Blas, Diego and Pujolas, Oriol and Sibiryakov, Sergey",
     title     = "{Models of non-relativistic quantum gravity: the good, the
                  bad and the healthy}",
     year      = "2010",
     eprint    = "1007.3503",
     archivePrefix = "arXiv",
     primaryClass  =  "hep-th",
     SLACcitation  = "%%CITATION = 1007.3503;%%"
}
@Article{Schutz,
  author = "Schutz, Bernard F.",
  title  ="{Perfect Fluids in General Relativity: Velocity Potentials and a Variational Principle}",
  journal = "Phys.Rev.",
  volume = "D2",
  pages = "2762",
  year = "1970",
  doi = "10.1103/PhysRevD.2.2762",
 }

@article{horava,
	Archiveprefix = {arXiv},
	Author = {Horava, Petr},
	Doi = {10.1103/PhysRevD.79.084008},
	Eprint = {0901.3775},
	Journal = {Phys. Rev.},
	Pages = {084008},
	Primaryclass = {hep-th},
	Slaccitation = {%%CITATION = 0901.3775;%%},
	Title = {{Quantum Gravity at a Lifshitz Point}},
	Volume = {D79},
	Year = {2009}}

@article{bps1,
	Archiveprefix = {arXiv},
	Author = {Blas, D. and Pujolas, O. and Sibiryakov, S.},
	Doi = {10.1088/1126-6708/2009/10/029},
	Eprint = {0906.3046},
	Journal = {JHEP},
	Pages = {029},
	Primaryclass = {hep-th},
	Slaccitation = {%%CITATION = 0906.3046;%%},
	Title = {{On the Extra Mode and Inconsistency of Horava Gravity}},
	Volume = {10},
	Year = {2009}}

@article{Andersson:2006nr,
	Archiveprefix = {arXiv},
	Author = {Andersson, N. and Comer, G. L.},
	Eprint = {gr-qc/0605010},
	Journal = {Living Rev. Rel.},
	Pages = {1},
	Slaccitation = {%%CITATION = GR-QC/0605010;%%},
	Title = {{Relativistic fluid dynamics: Physics for many different                   scales}},
	Volume = {10},
	Year = {2005}}

@Article{bps2,
     author    = "Blas, D. and Pujolas, O. and Sibiryakov, S.",
     title     = "{Consistent Extension of Horava Gravity}",
     journal   = "Phys. Rev. Lett.",
     volume    = "104",
     year      = "2010",
     pages     = "181302",
     eprint    = "0909.3525",
     archivePrefix = "arXiv",
     primaryClass  =  "hep-th",
     doi       = "10.1103/PhysRevLett.104.181302",
     SLACcitation  = "%%CITATION = 0909.3525;%%"
}
@article{bps3,
     author    = "Blas, D. and Pujolas, O. and Sibiryakov, S.",
     title     = "{Comment on `Strong coupling in extended Horava-Lifshitz
                  gravity'}",
     journal   = "Phys. Lett.",
     volume    = "B688",
     year      = "2010",
     pages     = "350-355",
     eprint    = "0912.0550",
     archivePrefix = "arXiv",
     primaryClass  =  "hep-th",
     doi       = "10.1016/j.physletb.2010.03.073",
     SLACcitation  = "%%CITATION = 0912.0550;%%"
}
@article {Horndeski:1974,
   author = {Horndeski, Gregory Walter},
   affiliation = {Department of Applied Mathematics University of Waterloo Waterloo Ontario Canada},
   title = {Second-order scalar-tensor field equations in a four-dimensional space},
   journal = {Int. J. Theor. Phys.},
   publisher = {Springer Netherlands},
   pages = {363-384},
   volume = {10},
   issue = {6},
   doi = {10.1007/BF01807638},
   year = {1974}
}
