@article{Easson:2013bda,
      author         = "Easson, Damien A. and Sawicki, Ignacy and Vikman,
                        Alexander",
      title          = "{When Matter Matters}",
      journal        = "JCAP",
      volume         = "1307",
      year           = "2013",
      pages          = "014",
      doi            = "10.1088/1475-7516/2013/07/014",
      eprint         = "1304.3903",
      archivePrefix  = "arXiv",
      primaryClass   = "hep-th",
      reportNumber   = "CERN-PH-TH-2013-074",
      SLACcitation   = "%%CITATION = ARXIV:1304.3903;%%"
}
@article{Ijjas:2016tpn,
      author         = "Ijjas, Anna and Steinhardt, Paul J.",
      title          = "{Classically stable nonsingular cosmological bounces}",
      journal        = "Phys. Rev. Lett.",
      volume         = "117",
      year           = "2016",
      number         = "12",
      pages          = "121304",
      doi            = "10.1103/PhysRevLett.117.121304",
      eprint         = "1606.08880",
      archivePrefix  = "arXiv",
      primaryClass   = "gr-qc",
      SLACcitation   = "%%CITATION = ARXIV:1606.08880;%%"
}
@article{Deffayet:2009mn,
      author         = "Deffayet, C. and Deser, S. and Esposito-Farese, G.",
      title          = "{Generalized Galileons: All scalar models whose curved
                        background extensions maintain second-order field
                        equations and stress-tensors}",
      journal        = "Phys.Rev.",
      volume         = "D80",
      pages          = "064015",
      doi            = "10.1103/PhysRevD.80.064015",
      year           = "2009",
      eprint         = "0906.1967",
      archivePrefix  = "arXiv",
      primaryClass   = "gr-qc",
      SLACcitation   = "%%CITATION = ARXIV:0906.1967;%%",
}

@article{Brout:1979bd,
      author         = "Brout, R. and Englert, F. and Gunzig, E.",
      title          = "{The Causal Universe}",
      journal        = "Gen.Rel.Grav.",
      volume         = "10",
      pages          = "1-6",
      doi            = "10.1007/BF00757018",
      year           = "1979",
      SLACcitation   = "%%CITATION = GRGVA,10,1;%%",
}
@article{Albrecht:1982wi,
      author         = "Albrecht, Andreas and Steinhardt, Paul J.",
      title          = "{Cosmology for Grand Unified Theories with Radiatively
                        Induced Symmetry Breaking}",
      journal        = "Phys.Rev.Lett.",
      volume         = "48",
      pages          = "1220-1223",
      doi            = "10.1103/PhysRevLett.48.1220",
      year           = "1982",
      reportNumber   = "UPR-0185T",
      SLACcitation   = "%%CITATION = PRLTA,48,1220;%%",
}
@article{Guth:1980zm,
      author         = "Guth, Alan H.",
      title          = "{The Inflationary Universe: A Possible Solution to the
                        Horizon and Flatness Problems}",
      journal        = "Phys.Rev.",
      volume         = "D23",
      pages          = "347-356",
      doi            = "10.1103/PhysRevD.23.347",
      year           = "1981",
      reportNumber   = "SLAC-PUB-2576",
      SLACcitation   = "%%CITATION = PHRVA,D23,347;%%",
}
@article{Linde:1981mu,
      author         = "Linde, Andrei D.",
      title          = "{A New Inflationary Universe Scenario: A Possible
                        Solution of the Horizon, Flatness, Homogeneity, Isotropy
                        and Primordial Monopole Problems}",
      journal        = "Phys.Lett.",
      volume         = "B108",
      pages          = "389-393",
      doi            = "10.1016/0370-2693(82)91219-9",
      year           = "1982",
      reportNumber   = "LEBEDEV-81-229",
      SLACcitation   = "%%CITATION = PHLTA,B108,389;%%",
}
@article{Mukhanov:2013tua,
      author         = "Mukhanov, Viatcheslav",
      title          = "{Quantum Cosmological Perturbations: Predictions and
                        Observations}",
      year           = "2013",
      eprint         = "1303.3925",
      archivePrefix  = "arXiv",
      primaryClass   = "astro-ph.CO",
      SLACcitation   = "%%CITATION = ARXIV:1303.3925;%%",
}
@article{Hawking:1982cz,
      author         = "Hawking, S.W.",
      title          = "{The Development of Irregularities in a Single Bubble
                        Inflationary Universe}",
      journal        = "Phys. Lett.",
      volume         = "B115",
      pages          = "295",
      doi            = "10.1016/0370-2693(82)90373-2",
      year           = "1982",
      reportNumber   = "Print-83-0015 (CAMBRIDGE)",
      SLACcitation   = "%%CITATION = PHLTA,B115,295;%%",
}
@article{Starobinsky:1982ee,
      author         = "Starobinsky, Alexei A.",
      title          = "{Dynamics of Phase Transition in the New Inflationary
                        Universe Scenario and Generation of Perturbations}",
      journal        = "Phys.Lett.",
      volume         = "B117",
      pages          = "175-178",
      doi            = "10.1016/0370-2693(82)90541-X",
      year           = "1982",
      SLACcitation   = "%%CITATION = PHLTA,B117,175;%%",
}
@article{Guth:1982ec,
      author         = "Guth, Alan H. and Pi, S.Y.",
      title          = "{Fluctuations in the New Inflationary Universe}",
      journal        = "Phys. Rev. Lett.",
      volume         = "49",
      pages          = "1110-1113",
      doi            = "10.1103/PhysRevLett.49.1110",
      year           = "1982",
      SLACcitation   = "%%CITATION = PRLTA,49,1110;%%",
}
@article{Bardeen:1983qw,
      author         = "Bardeen, James M. and Steinhardt, Paul J. and Turner,
                        Michael S.",
      title          = "{Spontaneous Creation of Almost Scale - Free Density
                        Perturbations in an Inflationary Universe}",
      journal        = "Phys.Rev.",
      volume         = "D28",
      pages          = "679",
      doi            = "10.1103/PhysRevD.28.679",
      year           = "1983",
      reportNumber   = "UPR-0202T, EFI-83-13-CHICAGO",
      SLACcitation   = "%%CITATION = PHRVA,D28,679;%%",
}
@article{Mukhanov:1985rz,
      author         = "Mukhanov, Viatcheslav F.",
      title          = "{Gravitational Instability of the Universe Filled with a
                        Scalar Field}",
      journal        = "JETP Lett.",
      volume         = "41",
      pages          = "493-496",
      year           = "1985",
      SLACcitation   = "%%CITATION = JTPLA,41,493;%%",
}
@article{Sasaki:1986hm,
      author         = "Sasaki, Misao",
      title          = "{Large Scale Quantum Fluctuations in the Inflationary
                        Universe}",
      journal        = "Prog.Theor.Phys.",
      volume         = "76",
      pages          = "1036",
      doi            = "10.1143/PTP.76.1036",
      year           = "1986",
      reportNumber   = "RRK-86-29",
      SLACcitation   = "%%CITATION = PTPKA,76,1036;%%",
}

@article{Chibisov:1982nx,
      author         = "Chibisov, G.V. and Mukhanov, Viatcheslav F.",
      title          = "{Galaxy formation and phonons}",
      journal        = "Mon. Not. Roy. Astron. Soc.",
      volume         = "200",
      pages          = "535-550",
      year           = "1982",
      SLACcitation   = "%%CITATION = MNRAA,200,535;%%",
}
@article{Ade:2013lta,
      author         = "Ade, P.A.R. and others",
      title          = "{Planck 2013 results. XVI. Cosmological parameters}",
      collaboration  = "Planck Collaboration",
      year           = "2013",
      eprint         = "1303.5076",
      archivePrefix  = "arXiv",
      primaryClass   = "astro-ph.CO",
      SLACcitation   = "%%CITATION = ARXIV:1303.5076;%%",
}

@article{Cheung:2007st,
      author         = "Cheung, Clifford and Creminelli, Paolo and Fitzpatrick,
                        A. Liam and Kaplan, Jared and Senatore, Leonardo",
      title          = "{The Effective Field Theory of Inflation}",
      journal        = "JHEP",
      volume         = "0803",
      pages          = "014",
      doi            = "10.1088/1126-6708/2008/03/014",
      year           = "2008",
      eprint         = "0709.0293",
      archivePrefix  = "arXiv",
      primaryClass   = "hep-th",
      reportNumber   = "IC-2007-032",
      SLACcitation   = "%%CITATION = ARXIV:0709.0293;%%",
}
@article{Hinterbichler:2012fr,
      author         = "Hinterbichler, Kurt and Joyce, Austin and Khoury, Justin
                        and Miller, Godfrey E.J.",
      title          = "{DBI Realizations of the Pseudo-Conformal Universe and
                        Galilean Genesis Scenarios}",
      journal        = "JCAP",
      volume         = "1212",
      pages          = "030",
      doi            = "10.1088/1475-7516/2012/12/030",
      year           = "2012",
      eprint         = "1209.5742",
      archivePrefix  = "arXiv",
      primaryClass   = "hep-th",
      SLACcitation   = "%%CITATION = ARXIV:1209.5742;%%",
}
@article{Hinterbichler:2012yn,
      author         = "Hinterbichler, Kurt and Joyce, Austin and Khoury, Justin
                        and Miller, Godfrey E.J.",
      title          = "{DBI Genesis: An Improved Violation of the Null Energy
                        Condition}",
      year           = "2012",
      eprint         = "1212.3607",
      archivePrefix  = "arXiv",
      primaryClass   = "hep-th",
      SLACcitation   = "%%CITATION = ARXIV:1212.3607;%%",
}
@article{deFromont:2013iwa,
      author         = "de Fromont, Paul and de Rham, Claudia and Heisenberg,
                        Lavinia and Matas, Andrew",
      title          = "{Superluminality in the Bi- and Multi Galileon}",
      year           = "2013",
      eprint         = "1303.0274",
      archivePrefix  = "arXiv",
      primaryClass   = "hep-th",
      SLACcitation   = "%%CITATION = ARXIV:1303.0274;%%",
}
@article{Cai:2012va,
      author         = "Cai, Yi-Fu and Easson, Damien A. and Brandenberger,
                        Robert",
      title          = "{Towards a Nonsingular Bouncing Cosmology}",
      journal        = "JCAP",
      volume         = "1208",
      pages          = "020",
      doi            = "10.1088/1475-7516/2012/08/020",
      year           = "2012",
      eprint         = "1206.2382",
      archivePrefix  = "arXiv",
      primaryClass   = "hep-th",
      SLACcitation   = "%%CITATION = ARXIV:1206.2382;%%",
}
@article{Qiu:2013eoa,
      author         = "Qiu, Taotao and Gao, Xian and Saridakis, Emmanuel N.",
      title          = "{Towards Anisotropy-Free and Non-Singular Bounce
                        Cosmology with Scale-invariant Perturbations}",
      year           = "2013",
      eprint         = "1303.2372",
      archivePrefix  = "arXiv",
      primaryClass   = "astro-ph.CO",
      SLACcitation   = "%%CITATION = ARXIV:1303.2372;%%",
}
@article{Dvali:2012zc,
      author         = "Dvali, Gia and Franca, Andre and Gomez, Cesar",
      title          = "{Road Signs for UV-Completion}",
      year           = "2012",
      eprint         = "1204.6388",
      archivePrefix  = "arXiv",
      primaryClass   = "hep-th",
      SLACcitation   = "%%CITATION = ARXIV:1204.6388;%%",
}
@article{Vikman:2012bx,
      author         = "Vikman, Alexander",
      title          = "{Suppressing Quantum Fluctuations in Classicalization}",
      journal        = "Europhys. Lett.",
      volume         = "101",
      pages          = "34001",
      doi            = "10.1209/0295-5075/101/34001",
      year           = "2013",
      eprint         = "1208.3647",
      archivePrefix  = "arXiv",
      primaryClass   = "hep-th",
      reportNumber   = "CERN-PH-TH-2012-205",
      SLACcitation   = "%%CITATION = ARXIV:1208.3647;%%",
}
@article{Dvali:2011nj,
      author         = "Dvali, Gia",
      title          = "{Classicalize or not to Classicalize?}",
      year           = "2011",
      eprint         = "1101.2661",
      archivePrefix  = "arXiv",
      primaryClass   = "hep-th",
      SLACcitation   = "%%CITATION = ARXIV:1101.2661;%%",
}
@article{Dvali:2010ns,
      author         = "Dvali, Gia and Pirtskhalava, David",
      title          = "{Dynamics of Unitarization by Classicalization}",
      journal        = "Phys.Lett.",
      volume         = "B699",
      pages          = "78-86",
      doi            = "10.1016/j.physletb.2011.03.054",
      year           = "2011",
      eprint         = "1011.0114",
      archivePrefix  = "arXiv",
      primaryClass   = "hep-ph",
      SLACcitation   = "%%CITATION = ARXIV:1011.0114;%%",
}

@article{Dvali:2010jz,
      author         = "Dvali, Gia and Giudice, Gian F. and Gomez, Cesar and
                        Kehagias, Alex",
      title          = "{UV-Completion by Classicalization}",
      journal        = "JHEP",
      volume         = "1108",
      pages          = "108",
      doi            = "10.1007/JHEP08(2011)108",
      year           = "2011",
      eprint         = "1010.1415",
      archivePrefix  = "arXiv",
      primaryClass   = "hep-ph",
      reportNumber   = "CERN-PH-TH-2010-226",
      SLACcitation   = "%%CITATION = ARXIV:1010.1415;%%",
}
@article{Adams:2006sv,
      author         = "Adams, Allan and Arkani-Hamed, Nima and Dubovsky, Sergei
                        and Nicolis, Alberto and Rattazzi, Riccardo",
      title          = "{Causality, analyticity and an IR obstruction to UV
                        completion}",
      journal        = "JHEP",
      volume         = "0610",
      pages          = "014",
      doi            = "10.1088/1126-6708/2006/10/014",
      year           = "2006",
      eprint         = "hep-th/0602178",
      archivePrefix  = "arXiv",
      primaryClass   = "hep-th",
      reportNumber   = "CERN-PH-TH-2006-033, HUTP-06-A0005",
      SLACcitation   = "%%CITATION = HEP-TH/0602178;%%",
}

@article{Starobinsky:1999yw,
      author         = "Starobinsky, Alexei A.",
      title          = "{Future and origin of our universe: Modern view}",
      journal        = "Grav. Cosmol.",
      volume         = "6",
      pages          = "157-163",
      year           = "2000",
      eprint         = "astro-ph/9912054",
      archivePrefix  = "arXiv",
      primaryClass   = "astro-ph",
      SLACcitation   = "%%CITATION = ASTRO-PH/9912054;%%",
}
@article{Kobayashi:2011nu,
      author         = "Kobayashi, Tsutomu and Yamaguchi, Masahide and Yokoyama,
                        Jun'ichi",
      title          = "{Generalized G-inflation: Inflation with the most general
                        second-order field equations}",
      journal        = "Prog.Theor.Phys.",
      volume         = "126",
      pages          = "511-529",
      doi            = "10.1143/PTP.126.511",
      year           = "2011",
      eprint         = "1105.5723",
      archivePrefix  = "arXiv",
      primaryClass   = "hep-th",
      reportNumber   = "KUNS-2339, RESCEU-9-11",
      SLACcitation   = "%%CITATION = ARXIV:1105.5723;%%",
}
@article{Deffayet:2011gz,
      author         = "Deffayet, C. and Gao, Xian and Steer, D.A. and Zahariade,
                        G.",
      title          = "{From k-essence to generalised Galileons}",
      journal        = "Phys.Rev.",
      volume         = "D84",
      pages          = "064039",
      doi            = "10.1103/PhysRevD.84.064039",
      year           = "2011",
      eprint         = "1103.3260",
      archivePrefix  = "arXiv",
      primaryClass   = "hep-th",
      SLACcitation   = "%%CITATION = ARXIV:1103.3260;%%",
}

@article{Vikman:2012bx,
      author         = "Vikman, Alexander",
      title          = "{Suppressing Quantum Fluctuations in Classicalization}",
      journal        = "Europhys.Lett.",
      volume         = "101",
      pages          = "34001",
      doi            = "10.1209/0295-5075/101/34001",
      year           = "2013",
      eprint         = "1208.3647",
      archivePrefix  = "arXiv",
      primaryClass   = "hep-th",
      reportNumber   = "CERN-PH-TH-2012-205",
      SLACcitation   = "%%CITATION = ARXIV:1208.3647;%%",
}

@article{Sawicki:2012pz,
      author         = "Sawicki, Ignacy and Vikman, Alexander",
      title          = "{Hidden Negative Energies in Strongly Accelerated
                        Universes}",
      journal        = "Phys.Rev.",
      volume         = "D87",
      pages          = "067301",
      doi            = "10.1103/PhysRevD.87.067301",
      year           = "2013",
      eprint         = "1209.2961",
      archivePrefix  = "arXiv",
      primaryClass   = "astro-ph.CO",
      reportNumber   = "CERN-PH-TH-2012-242",
      SLACcitation   = "%%CITATION = ARXIV:1209.2961;%%",
}

@article{Burrage:2011cr,
      author         = "Burrage, Clare and de Rham, Claudia and Heisenberg,
                        Lavinia and Tolley, Andrew J.",
      title          = "{Chronology Protection in Galileon Models and Massive
                        Gravity}",
      journal        = "JCAP",
      volume         = "1207",
      pages          = "004",
      doi            = "10.1088/1475-7516/2012/07/004",
      year           = "2012",
      eprint         = "1111.5549",
      archivePrefix  = "arXiv",
      primaryClass   = "hep-th",
      SLACcitation   = "%%CITATION = ARXIV:1111.5549;%%",

}@article{Pujolas:2011he,
      author         = "Pujolas, Oriol and Sawicki, Ignacy and Vikman, Alexander",
      title          = "{The Imperfect Fluid behind Kinetic Gravity Braiding}",
      journal        = "JHEP",
      volume         = "1111",
      pages          = "156",
      doi            = "10.1007/JHEP11(2011)156",
      year           = "2011",
      eprint         = "1103.5360",
      archivePrefix  = "arXiv",
      primaryClass   = "hep-th",
      reportNumber   = "CERN-PH-TH-2010-210",
      SLACcitation   = "%%CITATION = ARXIV:1103.5360;%%",
}
@article{LevasseurPerreault:2011mw,
      author         = "Levasseur Perreault, Laurence and Brandenberger, Robert
                        and Davis, Anne-Christine",
      title          = "{Defrosting in an Emergent Galileon Cosmology}",
      journal        = "Phys. Rev.",
      volume         = "D84",
      pages          = "103512",
      doi            = "10.1103/PhysRevD.84.103512",
      year           = "2011",
      eprint         = "1105.5649",
      archivePrefix  = "arXiv",
      primaryClass   = "astro-ph.CO",
      SLACcitation   = "%%CITATION = ARXIV:1105.5649;%%",
}
@article{Osipov:2013ssa,
      author         = "Osipov, M. and Rubakov, V.",
      title          = "{Galileon bounce after ekpyrotic contraction}",
      year           = "2013",
      eprint         = "1303.1221",
      archivePrefix  = "arXiv",
      primaryClass   = "hep-th",
      SLACcitation   = "%%CITATION = ARXIV:1303.1221;%%",
}

@article{Creminelli:2012my,
      author         = "Creminelli, Paolo and Hinterbichler, Kurt and Khoury,
                        Justin and Nicolis, Alberto and Trincherini, Enrico",
      title          = "{Subluminal Galilean Genesis}",
      journal        = "JHEP",
      volume         = "1302",
      pages          = "006",
      doi            = "10.1007/JHEP02(2013)006",
      year           = "2013",
      eprint         = "1209.3768",
      archivePrefix  = "arXiv",
      primaryClass   = "hep-th",
      SLACcitation   = "%%CITATION = ARXIV:1209.3768;%%",
}

@article{Easson:2011zy,
      author         = "Easson, Damien A. and Sawicki, Ignacy and Vikman,
                        Alexander",
      title          = "{G-Bounce}",
      journal        = "JCAP",
      volume         = "1111",
      pages          = "021",
      doi            = "10.1088/1475-7516/2011/11/021",
      year           = "2011",
      eprint         = "1109.1047",
      archivePrefix  = "arXiv",
      primaryClass   = "hep-th",
      reportNumber   = "CERN-PH-TH-2011-203",
      SLACcitation   = "%%CITATION = ARXIV:1109.1047;%%",
}

@article{Graham:2011nb,
      author         = "Graham, Peter W. and Horn, Bart and Kachru, Shamit and
                        Rajendran, Surjeet and Torroba, Gonzalo",
      title          = "{A Simple Harmonic Universe}",
      year           = "2011",
      eprint         = "1109.0282",
      archivePrefix  = "arXiv",
      primaryClass   = "hep-th",
}

@Article{Creminelli:2007aq,
     author    = "Creminelli, Paolo and Senatore, Leonardo",
     title     = "{A smooth bouncing cosmology with scale invariant
                  spectrum}",
     journal   = "JCAP",
     volume    = "0711",
     year      = "2007",
     pages     = "010",
     eprint    = "hep-th/0702165",
     archivePrefix = "arXiv",
     doi       = "10.1088/1475-7516/2007/11/010",
     SLACcitation  = "%%CITATION = HEP-TH/0702165;%%"
}

@Article{Mukhanov:1991zn,
     author    = "Mukhanov, Viatcheslav F. and Brandenberger, Robert H.",
     title     = "{A Nonsingular universe}",
     journal   = "Phys. Rev. Lett.",
     volume    = "68",
     year      = "1992",
     pages     = "1969-1972",
     doi       = "10.1103/PhysRevLett.68.1969",
     SLACcitation  = "%%CITATION = PRLTA,68,1969;%%"
}

@Article{Brandenberger:1993ef,
     author    = "Brandenberger, Robert H. and Mukhanov, Viatcheslav F. and
                  Sornborger, A.",
     title     = "{A Cosmological theory without singularities}",
     journal   = "Phys. Rev.",
     volume    = "D48",
     year      = "1993",
     pages     = "1629-1642",
     eprint    = "gr-qc/9303001",
     archivePrefix = "arXiv",
     doi       = "10.1103/PhysRevD.48.1629",
     SLACcitation  = "%%CITATION = GR-QC/9303001;%%"
}
@Article{Charmousis:2011bf,
     author    = "Charmousis, Christos and Copeland, Edmund J. and Padilla,
                  Antonio and Saffin, Paul M.",
     title     = "{General second order scalar-tensor theory, self tuning,
                  and the Fab Four}",
     year      = "2011",
     eprint    = "1106.2000",
     archivePrefix = "arXiv",
     primaryClass  =  "hep-th",
     SLACcitation  = "%%CITATION = 1106.2000;%%"
}

@article{Lim:2010yk,
      author         = "Lim, Eugene A. and Sawicki, Ignacy and Vikman, Alexander",
      title          = "{Dust of Dark Energy}",
      journal        = "JCAP",
      volume         = "1005",
      pages          = "012",
      doi            = "10.1088/1475-7516/2010/05/012",
      year           = "2010",
      eprint         = "1003.5751",
      archivePrefix  = "arXiv",
      primaryClass   = "astro-ph.CO",
}

@Article{Cai:2011bs,
     author    = "Cai, Yi-Fu and Saridakis, Emmanuel N.",
     title     = "{Non-singular Cyclic Cosmology without Phantom Menace}",
     year      = "2011",
     eprint    = "1108.6052",
     archivePrefix = "arXiv",
     primaryClass  =  "gr-qc",
     SLACcitation  = "%%CITATION = 1108.6052;%%"
}

@Article{Cai:2010zma,
     author    = "Cai, Yi-Fu and Saridakis, Emmanuel N.",
     title     = "{Cyclic cosmology from Lagrange-multiplier modified
                  gravity}",
     journal   = "Class. Quant. Grav.",
     volume    = "28",
     year      = "2011",
     pages     = "035010",
     eprint    = "1007.3204",
     archivePrefix = "arXiv",
     primaryClass  =  "astro-ph.CO",
     doi       = "10.1088/0264-9381/28/3/035010",
     SLACcitation  = "%%CITATION = 1007.3204;%%"
}

@article{ArmendarizPicon:2003ht,
      author         = "Armendariz-Picon, Christian and Lim, Eugene A.",
      title          = "{Scale invariance without inflation?}",
      journal        = "JCAP",
      volume         = "0312",
      pages          = "002",
      doi            = "10.1088/1475-7516/2003/12/002",
      year           = "2003",
      eprint         = "astro-ph/0307101",
      archivePrefix  = "arXiv",
      primaryClass   = "astro-ph",
}

@article{Veneziano:1991ek,
      author         = "Veneziano, G.",
      title          = "{Scale factor duality for classical and quantum strings}",
      journal        = "Phys.Lett.",
      volume         = "B265",
      pages          = "287-294",
      doi            = "10.1016/0370-2693(91)90055-U",
      year           = "1991",
}

@Article{Gasperini:1992em,
     author    = "Gasperini, M. and Veneziano, G.",
     title     = "{Pre - big bang in string cosmology}",
     journal   = "Astropart. Phys.",
     volume    = "1",
     year      = "1993",
     pages     = "317-339",
     eprint    = "hep-th/9211021",
     archivePrefix = "arXiv",
     doi       = "10.1016/0927-6505(93)90017-8",
     SLACcitation  = "%%CITATION = HEP-TH/9211021;%%"
}

@article{Brustein:1997cv,
      author         = "Brustein, Ram and Madden, Richard",
      title          = "{A model of graceful exit in string cosmology}",
      journal        = "Phys.Rev.",
      volume         = "D57",
      pages          = "712-724",
      doi            = "10.1103/PhysRevD.57.712",
      year           = "1998",
      eprint         = "hep-th/9708046",
      archivePrefix  = "arXiv",
      primaryClass   = "hep-th",
}

@article{Linde:2007fr,
      author         = "Linde, Andrei D.",
      title          = "{Inflationary Cosmology}",
      journal        = "Lect.Notes Phys.",
      volume         = "738",
      pages          = "1-54",
      doi            = "10.1007/978-3-540-74353-8_1",
      year           = "2008",
      eprint         = "0705.0164",
      archivePrefix  = "arXiv",
      primaryClass   = "hep-th",
}

@article{Caldwell:2005ai,
      author         = "Caldwell, Robert R. and Doran, Michael",
      title          = "{Dark-energy evolution across the cosmological-constant
                        boundary}",
      journal        = "Phys.Rev.",
      volume         = "D72",
      pages          = "043527",
      doi            = "10.1103/PhysRevD.72.043527",
      year           = "2005",
      eprint         = "astro-ph/0501104",
      archivePrefix  = "arXiv",
      primaryClass   = "astro-ph",
}

@article{Kahya:2009sz,
      author         = "Kahya, E.O. and Onemli, V.K. and Woodard, R.P.",
      title          = "{A Completely Regular Quantum Stress Tensor with $w <-1$}",
      journal        = "Phys.Rev.",
      volume         = "D81",
      pages          = "023508",
      doi            = "10.1103/PhysRevD.81.023508",
      year           = "2010",
      eprint         = "0904.4811",
      archivePrefix  = "arXiv",
      primaryClass   = "gr-qc",
}

@Article{Onemli:2004mb,
     author    = "Onemli, V. K. and Woodard, R. P.",
     title     = "{Quantum effects can render $w < -1$ on cosmological
                  scales}",
     journal   = "Phys. Rev.",
     volume    = "D70",
     year      = "2004",
     pages     = "107301",
     eprint    = "gr-qc/0406098",
     archivePrefix = "arXiv",
     doi       = "10.1103/PhysRevD.70.107301",
     SLACcitation  = "%%CITATION = GR-QC/0406098;%%"
}
@Article{Xia:2007km,
     author    = "Xia, Jun-Qing and Cai, Yi-Fu and Qiu, Tao-Tao and Zhao,
                  Gong-Bo and Zhang, Xinmin",
     title     = "{Constraints on the Sound Speed of Dynamical Dark Energy}",
     journal   = "Int. J. Mod. Phys.",
     volume    = "D17",
     year      = "2008",
     pages     = "1229-1243",
     eprint    = "astro-ph/0703202",
     archivePrefix = "arXiv",
     doi       = "10.1142/S0218271808012784",
     SLACcitation  = "%%CITATION = ASTRO-PH/0703202;%%"
}

@article{Hu:2004kh,
      author         = "Hu, Wayne",
      title          = "{Crossing the phantom divide: Dark energy internal
                        degrees of freedom}",
      journal        = "Phys.Rev.",
      volume         = "D71",
      pages          = "047301",
      doi            = "10.1103/PhysRevD.71.047301",
      year           = "2005",
      eprint         = "astro-ph/0410680",
      archivePrefix  = "arXiv",
      primaryClass   = "astro-ph",
}

@article{Guth:1980zm,
      author         = "Guth, Alan H.",
      title          = "{The Inflationary Universe: A Possible Solution to the
                        Horizon and Flatness Problems}",
      journal        = "Phys.Rev.",
      volume         = "D23",
      pages          = "347-356",
      doi            = "10.1103/PhysRevD.23.347",
      year           = "1981",
}

@article{Linde:1981mu,
      author         = "Linde, Andrei D.",
      title          = "{A New Inflationary Universe Scenario: A Possible
                        Solution of the Horizon, Flatness, Homogeneity, Isotropy
                        and Primordial Monopole Problems}",
      journal        = "Phys.Lett.",
      volume         = "B108",
      pages          = "389-393",
      doi            = "10.1016/0370-2693(82)91219-9",
      year           = "1982",
}

@article{Starobinsky:1980te,
      author         = "Starobinsky, Alexei A.",
      title          = "{A New Type of Isotropic Cosmological Models Without
                        Singularity}",
      journal        = "Phys.Lett.",
      volume         = "B91",
      pages          = "99-102",
      doi            = "10.1016/0370-2693(80)90670-X",
      year           = "1980",
}

@Article{Mukhanov:1981xt,
     author    = "Mukhanov, Viatcheslav F. and Chibisov, G. V.",
     title     = "{Quantum Fluctuation and Nonsingular Universe. (In
                  Russian)}",
     journal   = "JETP Lett.",
     volume    = "33",
     year      = "1981",
     pages     = "532-535",
     SLACcitation  = "%%CITATION = JTPLA,33,532;%%"
}

@Article{Mukhanov:2003xw,
     author    = "Mukhanov, Viatcheslav F.",
     title     = "{CMB, quantum fluctuations and the predictive power of
                  inflation}",
     year      = "2003",
     eprint    = "astro-ph/0303077",
     archivePrefix = "arXiv",
     SLACcitation  = "%%CITATION = ASTRO-PH/0303077;%%"
}

@Article{Guth:1980zm,
     author    = "Guth, Alan H.",
     title     = "{The Inflationary Universe: A Possible Solution to the
                  Horizon and Flatness Problems}",
     journal   = "Phys. Rev.",
     volume    = "D23",
     year      = "1981",
     pages     = "347-356",
     doi       = "10.1103/PhysRevD.23.347",
     SLACcitation  = "%%CITATION = PHRVA,D23,347;%%"
}

@article{MolinaParis:1998tx,
      author         = "Molina-Paris, Carmen and Visser, Matt",
      title          = "{Minimal conditions for the creation of a
                        Friedman-Robertson-Walker universe from a 'bounce'}",
      journal        = "Phys.Lett.",
      volume         = "B455",
      pages          = "90-95",
      doi            = "10.1016/S0370-2693(99)00469-4",
      year           = "1999",
      eprint         = "gr-qc/9810023",
      archivePrefix  = "arXiv",
      primaryClass   = "gr-qc",
}

@article{Cattoen:2005dx,
      author         = "Cattoen, Celine and Visser, Matt",
      title          = "{Necessary and sufficient conditions for big bangs,
                        bounces, crunches, rips, sudden singularities, and
                        extremality events}",
      journal        = "Class.Quant.Grav.",
      volume         = "22",
      pages          = "4913-4930",
      doi            = "10.1088/0264-9381/22/23/001",
      year           = "2005",
      eprint         = "gr-qc/0508045",
      archivePrefix  = "arXiv",
      primaryClass   = "gr-qc",
}

@Article{Lehners:2008vx,
     author    = "Lehners, Jean-Luc",
     title     = "{Ekpyrotic and Cyclic Cosmology}",
     journal   = "Phys. Rept.",
     volume    = "465",
     year      = "2008",
     pages     = "223-263",
     eprint    = "0806.1245",
     archivePrefix = "arXiv",
     primaryClass  =  "astro-ph",
     doi       = "10.1016/j.physrep.2008.06.001",
     SLACcitation  = "%%CITATION = 0806.1245;%%"
}

@article{Germani:2011bc,
      author         = "Germani, Cristiano and Martucci, Luca and Moyassari,
                        Parvin",
      title          = "{Introducing the Slotheon: a slow Galileon scalar field
                        in curved space-time}",
      year           = "2011",
      eprint         = "1108.1406",
      archivePrefix  = "arXiv",
      primaryClass   = "hep-th",
}

@article{Deffayet:2009mn,
      author         = "Deffayet, C. and Deser, S. and Esposito-Farese, G.",
      title          = "{Generalized Galileons: All scalar models whose curved
                        background extensions maintain second-order field
                        equations and stress-tensors}",
      journal        = "Phys.Rev.",
      volume         = "D80",
      pages          = "064015",
      doi            = "10.1103/PhysRevD.80.064015",
      year           = "2009",
      eprint         = "0906.1967",
      archivePrefix  = "arXiv",
      primaryClass   = "gr-qc",
}

@article{Ostrogradsky,
      author         = "{M. Ostrogradsky,}",
      journal        = "{Mem. Acad. St. Petersburg}",
      volume        = "VI, 4",
      pages          = "385",
      year           = "1850",
}

@article{Kallosh:2007ad,
      author         = "Kallosh, Renata and Kang, Jin U. and Linde, Andrei D. and
                        Mukhanov, Viatcheslav",
      title          = "{The New ekpyrotic ghost}",
      journal        = "JCAP",
      volume         = "0804",
      pages          = "018",
      doi            = "10.1088/1475-7516/2008/04/018",
      year           = "2008",
      eprint         = "0712.2040",
      archivePrefix  = "arXiv",
      primaryClass   = "hep-th",
}

@article{Weinberg:2008hq,
      author         = "Weinberg, Steven",
      title          = "{Effective Field Theory for Inflation}",
      journal        = "Phys.Rev.",
      volume         = "D77",
      pages          = "123541",
      doi            = "10.1103/PhysRevD.77.123541",
      year           = "2008",
      eprint         = "0804.4291",
      archivePrefix  = "arXiv",
      primaryClass   = "hep-th",
}

@article{Aref'eva:2006xy,
      author         = "Aref'eva, I.Ya. and Volovich, I.V.",
      title          = "{On the null energy condition and cosmology}",
      journal        = "Theor.Math.Phys.",
      volume         = "155",
      pages          = "503-511",
      doi            = "10.1007/s11232-008-0041-8",
      year           = "2008",
      eprint         = "hep-th/0612098",
      archivePrefix  = "arXiv",
      primaryClass   = "hep-th",
}

@article{Creminelli:2006xe,
      author         = "Creminelli, Paolo and Luty, Markus A. and Nicolis,
                        Alberto and Senatore, Leonardo",
      title          = "{Starting the Universe: Stable Violation of the Null
                        Energy Condition and Non-standard Cosmologies}",
      journal        = "JHEP",
      volume         = "0612",
      pages          = "080",
      doi            = "10.1088/1126-6708/2006/12/080",
      year           = "2006",
      eprint         = "hep-th/0606090",
      archivePrefix  = "arXiv",
      primaryClass   = "hep-th",
}

@Article{Woodard:2006nt,
     author    = "Woodard, Richard P.",
     title     = "{Avoiding dark energy with 1/R modifications of gravity}",
     journal   = "Lect. Notes Phys.",
     volume    = "720",
     year      = "2007",
     pages     = "403-433",
     eprint    = "astro-ph/0601672",
     archivePrefix = "arXiv",
     doi       = "10.1007/978-3-540-71013-4_14",
     SLACcitation  = "%%CITATION = ASTRO-PH/0601672;%%"
}

@article {Horndeski,
   author = {Horndeski, Gregory Walter},
   affiliation = {Department of Applied Mathematics University of Waterloo Waterloo Ontario Canada},
   title = {Second-order scalar-tensor field equations in a four-dimensional space},
   journal = {International Journal of Theoretical Physics},
   publisher = {Springer Netherlands},
   issn = {0020-7748},
   keyword = {Physics and Astronomy},
   pages = {363-384},
   volume = {10},
   issue = {6},
   doi = "10.1007/BF01807638",
   year = {1974}
}


@Article{Felder:2002jk,
     author    = "Felder, Gary N. and Frolov, Andrei V. and Kofman, Lev and
                  Linde, Andrei D.",
     title     = "{Cosmology with negative potentials}",
     journal   = "Phys. Rev.",
     volume    = "D66",
     year      = "2002",
     pages     = "023507",
     eprint    = "hep-th/0202017",
     archivePrefix = "arXiv",
     doi       = "10.1103/PhysRevD.66.023507",
     SLACcitation  = "%%CITATION = HEP-TH/0202017;%%"
}

@Article{Deffayet:2010qz,
     author    = "Deffayet, Cedric and Pujolas, Oriol and Sawicki, Ignacy and
                  Vikman, Alexander",
     title     = "{Imperfect Dark Energy from Kinetic Gravity Braiding}",
     journal   = "JCAP",
     volume    = "1010",
     year      = "2010",
     pages     = "026",
     eprint    = "1008.0048",
     archivePrefix = "arXiv",
     primaryClass  =  "hep-th",
     doi       = "10.1088/1475-7516/2010/10/026",
     SLACcitation  = "%%CITATION = 1008.0048;%%"
}
@Article{Gourgoulhon:2006bn,
     author    = "Gourgoulhon, Eric",
     title     = "{An introduction to relativistic hydrodynamics}",
     journal   = "EAS Publ. Ser.",
     volume    = "21",
     year      = "2006",
     pages     = "43",
     eprint    = "gr-qc/0603009",
     archivePrefix = "arXiv",
     SLACcitation  = "%%CITATION = GR-QC/0603009;%%"
}
@article{Trodden:2011xh,
      author         = "Trodden, Mark and Hinterbichler, Kurt",
      title          = "{Generalizing Galileons}",
      journal        = "Class.Quant.Grav.",
      year           = "2011",
      eprint         = "1104.2088",
      archivePrefix  = "arXiv",
      primaryClass   = "hep-th",
}
@article{Goon:2011uw,
      author         = "Goon, Garrett and Hinterbichler, Kurt and Trodden, Mark",
      title          = "{A New Class of Eective Field Theories from Embedded
                        Branes}",
      year           = "2011",
      eprint         = "1103.6029",
      archivePrefix  = "arXiv",
      primaryClass   = "hep-th",
}
@article{Goon:2011qf,
      author         = "Goon, Garrett and Hinterbichler, Kurt and Trodden, Mark",
      title          = "{Symmetries for Galileons and DBI scalars on curved
                        space}",
      year           = "2011",
      eprint         = "1103.5745",
      archivePrefix  = "arXiv",
      primaryClass   = "hep-th",
}
@ARTICLE{Moncrief:1980,
   author = {{Moncrief}, V.},
    title = "{Stability of stationary, spherical accretion onto a Schwarzschild black hole}",
  journal = "ApJ",
     year = "1980",
   volume = "235",
    pages = "1038",
      doi = "10.1086/157707",
}
@article{DiezTejedor:2005fz,
      author         = "Diez-Tejedor, Alberto and Feinstein, Alexander",
      title          = "{Relativistic hydrodynamics with sources for cosmological
                        K-fluids}",
      journal        = "Int.J.Mod.Phys.",
      volume         = "D14",
      pages          = "1561-1576",
      doi            = "10.1142/S0218271805007152",
      year           = "2005",
      eprint         = "gr-qc/0501101",
      archivePrefix  = "arXiv",
      primaryClass   = "gr-qc",
}
@article{Bilic:2008zk,
      author         = "Bilic, Neven",
      title          = "{Thermodynamics of k-essence}",
      journal        = "Phys.Rev.",
      volume         = "D78",
      pages          = "105012",
      doi            = "10.1103/PhysRevD.78.105012",
      year           = "2008",
      eprint         = "0806.0642",
      archivePrefix  = "arXiv",
      primaryClass   = "gr-qc",
}
@Article{Nojiri:2006ri,
     author    = "Nojiri, Shin'ichi and Odintsov, Sergei D.",
     title     = "{Introduction to modified gravity and gravitational
                  alternative for dark energy}",
     journal   = "ECONF",
     volume    = "C0602061",
     year      = "2006",
     pages     = "06",
     eprint    = "hep-th/0601213",
     archivePrefix = "arXiv",
     doi       = "10.1142/S0219887807001928",
     SLACcitation  = "%%CITATION = HEP-TH/0601213;%%"
}

@Article{Andrews:2010km,
     author    = "Andrews, Melinda and Hinterbichler, Kurt and Khoury, Justin
                  and Trodden, Mark",
     title     = "{Instabilities of Spherical Solutions with Multiple
                  Galileons and SO(N) Symmetry}",
     journal   = "Phys. Rev.",
     volume    = "D83",
     year      = "2011",
     pages     = "044042",
     eprint    = "1008.4128",
     archivePrefix = "arXiv",
     primaryClass  =  "hep-th",
     doi       = "10.1103/PhysRevD.83.044042",
     SLACcitation  = "%%CITATION = 1008.4128;%%"
}

@Article{Nojiri:2005sr,
     author    = "Nojiri, Shin'ichi and Odintsov, Sergei D.",
     title     = "{Inhomogeneous equation of state of the universe: Phantom
                  era, future  singularity and crossing the phantom
                  barrier}",
     journal   = "Phys. Rev.",
     volume    = "D72",
     year      = "2005",
     pages     = "023003",
     eprint    = "hep-th/0505215",
     archivePrefix = "arXiv",
     doi       = "10.1103/PhysRevD.72.023003",
     SLACcitation  = "%%CITATION = HEP-TH/0505215;%%"
}

@Article{Capozziello:2005pa,
     author    = "Capozziello, Salvatore and Cardone, V. F. and Elizalde, E.
                  and Nojiri, S. and Odintsov, S. D.",
     title     = "{Observational constraints on dark energy with generalized
                  equations of state}",
     journal   = "Phys. Rev.",
     volume    = "D73",
     year      = "2006",
     pages     = "043512",
     eprint    = "astro-ph/0508350",
     archivePrefix = "arXiv",
     doi       = "10.1103/PhysRevD.73.043512",
     SLACcitation  = "%%CITATION = ASTRO-PH/0508350;%%"
}


@Article{Goon:2010xh,
     author    = "Goon, Garrett L. and Hinterbichler, Kurt and Trodden, Mark
                  ",
     title     = "{Stability and superluminality of spherical DBI galileon
                  solutions}",
     year      = "2010",
     eprint    = "1008.4580",
     archivePrefix = "arXiv",
     primaryClass  =  "hep-th",
     SLACcitation  = "%%CITATION = 1008.4580;%%"
}

@Article{Andrews:2010km,
     author    = "Andrews, Melinda and Hinterbichler, Kurt and Khoury, Justin
                  and Trodden, Mark",
     title     = "{Instabilities of Spherical Solutions with Multiple
                  Galileons and SO(N) Symmetry}",
     journal   = "Phys. Rev.",
     volume    = "D83",
     year      = "2011",
     pages     = "044042",
     eprint    = "1008.4128",
     archivePrefix = "arXiv",
     primaryClass  =  "hep-th",
     doi       = "10.1103/PhysRevD.83.044042",
     SLACcitation  = "%%CITATION = 1008.4128;%%"
}

@Article{Kamada:2010qe,
     author    = "Kamada, Kohei and Kobayashi, Tsutomu and Yamaguchi,
                  Masahide and Yokoyama, Jun'ichi",
     title     = "{Higgs G-inflation}",
     year      = "2010",
     eprint    = "1012.4238",
     archivePrefix = "arXiv",
     primaryClass  =  "astro-ph.CO",
     SLACcitation  = "%%CITATION = 1012.4238;%%"
}
@Article{Furukawa:2010gr,
     author    = "Furukawa, Tomonori and Yokoyama, Shuichiro and Ichiki,
                  Kiyotomo and Sugiyama, Naoshi and Mukohyama, Shinji",
     title     = "{Ghost Dark Matter}",
     journal   = "JCAP",
     volume    = "1005",
     year      = "2010",
     pages     = "007",
     eprint    = "1001.4634",
     archivePrefix = "arXiv",
     primaryClass  =  "astro-ph.CO",
     doi       = "10.1088/1475-7516/2010/05/007",
     SLACcitation  = "%%CITATION = 1001.4634;%%"
}
@Article{Garriga:1999vw,
     author    = "Garriga, Jaume and Mukhanov, Viatcheslav F.",
     title     = "{Perturbations in k-inflation}",
     journal   = "Phys. Lett.",
     volume    = "B458",
     year      = "1999",
     pages     = "219-225",
     eprint    = "hep-th/9904176",
     archivePrefix = "arXiv",
     doi       = "10.1016/S0370-2693(99)00602-4",
     SLACcitation  = "%%CITATION = HEP-TH/9904176;%%"
}
@Article{Gabadadze:2009ja,
     author    = "Gabadadze, Gregory",
     title     = "{General Relativity With An Auxiliary Dimension}",
     journal   = "Phys. Lett.",
     volume    = "B681",
     year      = "2009",
     pages     = "89-95",
     eprint    = "0908.1112",
     archivePrefix = "arXiv",
     primaryClass  =  "hep-th",
     doi       = "10.1016/j.physletb.2009.10.002",
     SLACcitation  = "%%CITATION = 0908.1112;%%"
}

@Article{Gabadadze:2006tf,
     author    = "Gabadadze, Gregory and Iglesias, Alberto",
     title     = "{(De)coupling limit of DGP}",
     journal   = "Phys. Lett.",
     volume    = "B639",
     year      = "2006",
     pages     = "88-94",
     eprint    = "hep-th/0603199",
     archivePrefix = "arXiv",
     doi       = "10.1016/j.physletb.2006.06.016",
     SLACcitation  = "%%CITATION = HEP-TH/0603199;%%"
}
@Article{Fairlie:1992nb,
     author    = "Fairlie, D. B. and Govaerts, J.",
     title     = "{Euler hierarchies and universal equations}",
     journal   = "J. Math. Phys.",
     volume    = "33",
     year      = "1992",
     pages     = "3543-3566",
     eprint    = "hep-th/9204074",
     archivePrefix = "arXiv",
     doi       = "10.1063/1.529904",
     SLACcitation  = "%%CITATION = HEP-TH/9204074;%%"
}
@article{Bertacca:2007ux,
      author         = "Bertacca, Daniele and Matarrese, Sabino and Pietroni,
                        Massimo",
      title          = "{Unified Dark Matter in Scalar Field Cosmologies}",
      journal        = "Mod.Phys.Lett.",
      volume         = "A22",
      pages          = "2893-2907",
      doi            = "10.1142/S0217732307025893",
      year           = "2007",
      eprint         = "astro-ph/0703259",
      archivePrefix  = "arXiv",
      primaryClass   = "ASTRO-PH",
}
@Article{Creminelli:2009mu,
author = "Creminelli, Paolo and D'Amico, Guido and Norena, Jorge and
Senatore, Leonardo and Vernizzi, Filippo",
title = "{Spherical collapse in quintessence models with zero speed
of sound}",
journal = "JCAP",
volume = "1003",
year = "2010",
pages = "027",
eprint = "0911.2701",
archivePrefix = "arXiv",
primaryClass = "astro-ph.CO",
doi = "10.1088/1475-7516/2010/03/027",
SLACcitation = "%%CITATION = 0911.2701;%%"
} 

@Article{Creminelli:2008wc,
author = "Creminelli, Paolo and D'Amico, Guido and Norena, Jorge and
Vernizzi, Filippo",
title = "{The Effective Theory of Quintessence: the $w<-1$ Side
Unveiled}",
journal = "JCAP",
volume = "0902",
year = "2009",
pages = "018",
eprint = "0811.0827",
archivePrefix = "arXiv",
primaryClass = "astro-ph",
doi = "10.1088/1475-7516/2009/02/018",
SLACcitation = "%%CITATION = 0811.0827;%%"
} 

@article{Dvali:2000hr,
      author         = "Dvali, G.R. and Gabadadze, Gregory and Porrati, Massimo",
      title          = "{4-D gravity on a brane in 5-D Minkowski space}",
      journal        = "Phys.Lett.",
      volume         = "B485",
      pages          = "208-214",
      doi            = "10.1016/S0370-2693(00)00669-9",
      year           = "2000",
      eprint         = "hep-th/0005016",
      archivePrefix  = "arXiv",
      primaryClass   = "hep-th",
}

@Article{ArkaniHamed:2003uy,
author = "Arkani-Hamed, Nima and Cheng, Hsin-Chia and Luty, Markus A.
and Mukohyama, Shinji",
title = "{Ghost condensation and a consistent infrared modification
of gravity}",
journal = "JHEP",
volume = "05",
year = "2004",
pages = "074",
eprint = "hep-th/0312099",
archivePrefix = "arXiv",
doi = "10.1088/1126-6708/2004/05/074",
SLACcitation = "%%CITATION = HEP-TH/0312099;%%"
} 

@article{Giannakis:2005kr,
      author         = "Giannakis, Dimitrios and Hu, Wayne",
      title          = "{Kinetic unified dark matter}",
      journal        = "Phys.Rev.",
      volume         = "D72",
      pages          = "063502",
      doi            = "10.1103/PhysRevD.72.063502",
      year           = "2005",
      eprint         = "astro-ph/0501423",
      archivePrefix  = "arXiv",
      primaryClass   = "astro-ph",
}
@article{Scherrer:2004au,
      author         = "Scherrer, Robert J.",
      title          = "{Purely kinetic k-essence as unified dark matter}",
      journal        = "Phys.Rev.Lett.",
      volume         = "93",
      pages          = "011301",
      doi            = "10.1103/PhysRevLett.93.011301",
      year           = "2004",
      eprint         = "astro-ph/0402316",
      archivePrefix  = "arXiv",
      primaryClass   = "astro-ph",
}
@Article{Bertacca:2010ct,
author = "Bertacca, Daniele and Bartolo, Nicola and Matarrese, Sabino
",
title = "{Unified Dark Matter Scalar Field Models}",
year = "2010",
eprint = "1008.0614",
archivePrefix = "arXiv",
primaryClass = "astro-ph.CO",
SLACcitation = "%%CITATION = 1008.0614;%%"
} 
@Article{Nicolis:2011ey,
     author    = "Nicolis, Alberto and Son, Dam Thanh",
     title     = "{Hall viscosity from effective field theory}",
     year      = "2011",
     eprint    = "1103.2137",
     archivePrefix = "arXiv",
     primaryClass  =  "hep-th",
     SLACcitation  = "%%CITATION = 1103.2137;%%"
}

@Article{Endlich:2010hf,
     author    = "Endlich, Solomon and Nicolis, Alberto and Rattazzi,
                  Riccardo and Wang, Junpu",
     title     = "{The quantum mechanics of perfect fluids}",
     year      = "2010",
     eprint    = "1011.6396",
     archivePrefix = "arXiv",
     primaryClass  =  "hep-th",
     SLACcitation  = "%%CITATION = 1011.6396;%%"
}

@Article{Dyer:2008hb,
     author    = "Dyer, Ethan and Hinterbichler, Kurt",
     title     = "{Boundary Terms, Variational Principles and Higher
                  Derivative Modified Gravity}",
     journal   = "Phys. Rev.",
     volume    = "D79",
     year      = "2009",
     pages     = "024028",
     eprint    = "0809.4033",
     archivePrefix = "arXiv",
     primaryClass  =  "gr-qc",
     doi       = "10.1103/PhysRevD.79.024028",
     SLACcitation  = "%%CITATION = 0809.4033;%%"
}

@article{ArmendarizPicon:2005nz,
      author         = "Armendariz-Picon, C. and Lim, Eugene A.",
      title          = "{Haloes of k-essence}",
      journal        = "JCAP",
      volume         = "0508",
      pages          = "007",
      doi            = "10.1088/1475-7516/2005/08/007",
      year           = "2005",
      eprint         = "astro-ph/0505207",
      archivePrefix  = "arXiv",
      primaryClass   = "astro-ph",
}
@article{Naruko:2011zk,
      author         = "Naruko, Atsushi and Sasaki, Misao",
      title          = "{Conservation of the nonlinear curvature perturbation in
                        generic single-field inflation}",
      journal        = "Class.Quant.Grav.",
      volume         = "28",
      pages          = "072001",
      doi            = "10.1088/0264-9381/28/7/072001",
      year           = "2011",
      eprint         = "1101.3180",
      archivePrefix  = "arXiv",
      primaryClass   = "astro-ph.CO",
}

@article{Unnikrishnan:2010ag,
      author         = "Unnikrishnan, Sanil and Sriramkumar, L.",
      title          = "{A note on perfect scalar fields}",
      journal        = "Phys.Rev.",
      volume         = "D81",
      pages          = "103511",
      doi            = "10.1103/PhysRevD.81.103511",
      year           = "2010",
      eprint         = "1002.0820",
      archivePrefix  = "arXiv",
      primaryClass   = "astro-ph.CO",
}
@article{Arroja:2010wy,
      author         = "Arroja, Frederico and Sasaki, Misao",
      title          = "{A note on the equivalence of a barotropic perfect fluid
                        with a K-essence scalar field}",
      journal        = "Phys.Rev.",
      volume         = "D81",
      pages          = "107301",
      doi            = "10.1103/PhysRevD.81.107301",
      year           = "2010",
      eprint         = "1002.1376",
      archivePrefix  = "arXiv",
      primaryClass   = "astro-ph.CO",
}


@Article{Lim:2010yk,
     author    = "Lim, Eugene A. and Sawicki, Ignacy and Vikman, Alexander",
     title     = "{Dust of Dark Energy}",
     journal   = "JCAP",
     volume    = "1005",
     year      = "2010",
     pages     = "012",
     eprint    = "1003.5751",
     archivePrefix = "arXiv",
     primaryClass  =  "astro-ph.CO",
     doi       = "10.1088/1475-7516/2010/05/012",
     SLACcitation  = "%%CITATION = 1003.5751;%%"
}

@Article{Deffayet:2009wt,
     author    = "Deffayet, C. and Esposito-Farese, Gilles and Vikman, A.",
     title     = "{Covariant Galileon}",
     journal   = "Phys. Rev.",
     volume    = "D79",
     year      = "2009",
     pages     = "084003",
     eprint    = "0901.1314",
     archivePrefix = "arXiv",
     primaryClass  =  "hep-th",
     doi       = "10.1103/PhysRevD.79.084003",
     SLACcitation  = "%%CITATION = 0901.1314;%%"
}

@article{Gong:2011uw,
      author         = "Gong, Jinn-Ouk and Tanaka, Takahiro",
      title          = "{A covariant approach to general field space metric in
                        multi-field inflation}",
      journal        = "JCAP",
      volume         = "1103",
      pages          = "015",
      doi            = "10.1088/1475-7516/2011/03/015",
      year           = "2011",
      eprint         = "1101.4809",
      archivePrefix  = "arXiv",
      primaryClass   = "astro-ph.CO",
}
@article{Kamada:2010qe,
      author         = "Kamada, Kohei and Kobayashi, Tsutomu and Yamaguchi,
                        Masahide and Yokoyama, Jun'ichi",
      title          = "{Higgs G-inflation}",
      year           = "2010",
      eprint         = "1012.4238",
      archivePrefix  = "arXiv",
      primaryClass   = "astro-ph.CO",
      
}@article{Kobayashi:2011pc,
      author         = "Kobayashi, Tsutomu and Yamaguchi, Masahide and Yokoyama,
                        Jun'ichi",
      title          = "{Primordial non-Gaussianity from G-inflation}",
      year           = "2011",
      eprint         = "1103.1740",
      archivePrefix  = "arXiv",
      primaryClass   = "hep-th",
}
@article{deRham:2010eu,
      author         = "de Rham, Claudia and Tolley, Andrew J.",
      title          = "{DBI and the Galileon reunited}",
      journal        = "JCAP",
      volume         = "1005",
      pages          = "015",
      doi            = "10.1088/1475-7516/2010/05/015",
      year           = "2010",
      eprint         = "1003.5917",
      archivePrefix  = "arXiv",
      primaryClass   = "hep-th",
}
@article{Khoury:2011da,
      author         = "Khoury, Justin and Lehners, Jean-Luc and Ovrut, Burt A.",
      title          = "{Supersymmetric Galileons}",
      year           = "2011",
      eprint         = "1103.0003",
      archivePrefix  = "arXiv",
      primaryClass   = "hep-th",
}
@article{DeFelice:2011zh,
      author         = "De Felice, Antonio and Tsujikawa, Shinji",
      title          = "{Primordial non-Gaussianities in general modified
                        gravitational models of inflation}",
      year           = "2011",
      eprint         = "1103.1172",
      archivePrefix  = "arXiv",
      primaryClass   = "astro-ph.CO",
}
@article{VanAcoleyen:2011mj,
      author         = "Van Acoleyen, Karel and Van Doorsselaere, Jos",
      title          = "{Galileons from Lovelock actions}",
      year           = "2011",
      eprint         = "1102.0487",
      archivePrefix  = "arXiv",
      primaryClass   = "gr-qc",
}
@article{DeFelice:2010as,
      author         = "De Felice, Antonio and Kase, Ryotaro and Tsujikawa,
                        Shinji",
      title          = "{Matter perturbations in Galileon cosmology}",
      journal        = "Phys.Rev.",
      volume         = "D83",
      pages          = "043515",
      doi            = "10.1103/PhysRevD.83.043515",
      year           = "2011",
      eprint         = "1011.6132",
      archivePrefix  = "arXiv",
      primaryClass   = "astro-ph.CO",
}
@article{Wyman:2011mp,
      author         = "Wyman, Mark",
      title          = "{Galilean-invariant scalar fields can strengthen
                        gravitational lensing}",
      year           = "2011",
      eprint         = "1101.1295",
      archivePrefix  = "arXiv",
      primaryClass   = "astro-ph.CO",
      
}@article{Fairlie:2011md,
      author         = "Fairlie, David",
      title          = "{Comments on Galileons}",
      year           = "2011",
      eprint         = "1102.1594",
      archivePrefix  = "arXiv",
      primaryClass   = "hep-th",
}

@book{deGroot,
	Author = "de Groot, Sybren Ruurds and van Leeuwen, Willem Andries and 					van Weert, Christianus G.",
	Publisher = {North-Holland Publishing Company},
	title	= "{Relativistic Kinetic Theory: Principles and Applications}",
	Year = {1980},
}
@book{MTW,
	Author = "Misner, C. and Thorne, K. and Wheeler, J.",
	Publisher = {W. H. Freeman and Company},
	title	= "{Gravitation}",
	Year = {1973},
}	
@article{Creminelli:2010qf,
      author         = "Creminelli, Paolo and D'Amico, Guido and Musso, Marcello
                        and Norena, Jorge and Trincherini, Enrico",
      title          = "{Galilean symmetry in the effective theory of inflation:
                        new shapes of non-Gaussianity}",
      journal        = "JCAP",
      volume         = "1102",
      pages          = "006",
      doi            = "10.1088/1475-7516/2011/02/006",
      year           = "2011",
      eprint         = "1011.3004",
      archivePrefix  = "arXiv",
      primaryClass   = "hep-th",
}
@article{deRham:2010tw,
      author         = "de Rham, Claudia and Gabadadze, Gregory and Heisenberg,
                        Lavinia and Pirtskhalava, David",
      title          = "{Cosmic Acceleration and the Helicity-0 Graviton}",
      year           = "2010",
      eprint         = "1010.1780",
      archivePrefix  = "arXiv",
      primaryClass   = "hep-th",
      
}@article{Kimura:2010di,
      author         = "Kimura, Rampei and Yamamoto, Kazuhiro",
      title          = "{Large Scale Structures in Kinetic Gravity Braiding
                        Model}",
      year           = "2010",
      eprint         = "1011.2006",
      archivePrefix  = "arXiv",
      primaryClass   = "astro-ph.CO",
}
@Article{Muronga:2003ta,
     author    = "Muronga, Azwinndini",
     title     = "{Causal Theories of Dissipative Relativistic Fluid Dynamics
                  for Nuclear Collisions}",
     journal   = "Phys. Rev.",
     volume    = "C69",
     year      = "2004",
     pages     = "034903",
     eprint    = "nucl-th/0309055",
     archivePrefix = "arXiv",
     doi       = "10.1103/PhysRevC.69.034903",
     SLACcitation  = "%%CITATION = NUCL-TH/0309055;%%"
     
}
@article{Dubovsky:2005xd,
      author         = "Dubovsky, S. and Gregoire, T. and Nicolis, A. and
                        Rattazzi, R.",
      title          = "{Null energy condition and superluminal propagation}",
      journal        = "JHEP",
      volume         = "0603",
      pages          = "025",
      doi            = "10.1088/1126-6708/2006/03/025",
      year           = "2006",
      eprint         = "hep-th/0512260",
      archivePrefix  = "arXiv",
      primaryClass   = "hep-th",
}

@Article{Metrics,
	author	= "Pujolas, Oriol and Sawicki, Ignacy and Vikman, Alexander",
	title	= "{Stability and acoustic metric in fluids with Kinetic Gravity Braiding}",
	journal	= "in preparation"
}	
@article{Padilla:2010de,
      author         = "Padilla, Antonio and Saffin, Paul M. and Zhou,
                        Shuang-Yong",
      title          = "{Bi-galileon theory I: Motivation and formulation}",
      journal        = "JHEP",
      volume         = "1012",
      pages          = "031",
      doi            = "10.1007/JHEP12(2010)031",
      year           = "2010",
      eprint         = "1007.5424",
      archivePrefix  = "arXiv",
      primaryClass   = "hep-th",
}
@article{Padilla:2010ir,
      author         = "Padilla, Antonio and Saffin, Paul M. and Zhou,
                        Shuang-Yong",
      title          = "{Multi-galileons, solitons and Derrick's theorem}",
      journal        = "Phys.Rev.",
      volume         = "D83",
      pages          = "045009",
      doi            = "10.1103/PhysRevD.83.045009",
      year           = "2011",
      eprint         = "1008.0745",
      archivePrefix  = "arXiv",
      primaryClass   = "hep-th",
}
@article{Nesseris:2010pc,
      author         = "Nesseris, Savvas and De Felice, Antonio and Tsujikawa,
                        Shinji",
      title          = "{Observational constraints on Galileon cosmology}",
      journal        = "Phys.Rev.",
      volume         = "D82",
      pages          = "124054",
      doi            = "10.1103/PhysRevD.82.124054",
      year           = "2010",
      eprint         = "1010.0407",
      archivePrefix  = "arXiv",
      primaryClass   = "astro-ph.CO",
}
@article{Mota:2010bs,
      author         = "Mota, David F. and Sandstad, Marit and Zlosnik, Tom",
      title          = "{Cosmology of the selfaccelerating third order Galileon}",
      journal        = "JHEP",
      volume         = "1012",
      pages          = "051",
      doi            = "10.1007/JHEP12(2010)051",
      year           = "2010",
      eprint         = "1009.6151",
      archivePrefix  = "arXiv",
      primaryClass   = "astro-ph.CO",
}
@Article{Babichev:2010kj,
     author    = "Babichev, E.",
     title     = "{Galileon accretion}",
     year      = "2010",
     eprint    = "1009.2921",
     archivePrefix = "arXiv",
     primaryClass  =  "hep-th",
     SLACcitation  = "%%CITATION = 1009.2921;%%"
}
@article{Burrage:2010cu,
      author         = "Burrage, Clare and de Rham, Claudia and Seery, David and
                        Tolley, Andrew J.",
      title          = "{Galileon inflation}",
      journal        = "JCAP",
      volume         = "1101",
      pages          = "014",
      doi            = "10.1088/1475-7516/2011/01/014",
      year           = "2011",
      eprint         = "1009.2497",
      archivePrefix  = "arXiv",
      primaryClass   = "hep-th",
}
@article{Mizuno:2010ag,
      author         = "Mizuno, Shuntaro and Koyama, Kazuya",
      title          = "{Primordial non-Gaussianity from the DBI Galileons}",
      journal        = "Phys.Rev.",
      volume         = "D82",
      pages          = "103518",
      doi            = "10.1103/PhysRevD.82.103518",
      year           = "2010",
      eprint         = "1009.0677",
      archivePrefix  = "arXiv",
      primaryClass   = "hep-th",
}
@article{Hinterbichler:2010xn,
      author         = "Hinterbichler, Kurt and Trodden, Mark and Wesley, Daniel",
      title          = "{Multi-field galileons and higher co-dimension branes}",
      journal        = "Phys.Rev.",
      volume         = "D82",
      pages          = "124018",
      doi            = "10.1103/PhysRevD.82.124018",
      year           = "2010",
      eprint         = "1008.1305",
      archivePrefix  = "arXiv",
      primaryClass   = "hep-th",
}
@Article{Klein,
  title = "{On the Thermodynamical Equilibrium of Fluids in Gravitational Fields}",
  author = "Klein, O.",
  journal = "Rev. Mod. Phys.",
  volume = "21",
  number = "3",
  pages = "531",
  year = "1949",
  doi = "10.1103/RevModPhys.21.531",
}
@book{Landafshitz_Fluid,
	Author = {Landau, L.~D., and Lifshitz, E.~M.},
	Publisher = "Pergamon Press",
	title	= "{Course of Theoretical Physics, Vol. 6, Fluid Mechanics}",
	year = "1987",
	edition ="{Second English Edition, Revised}"
}

@book{LandavshitzV,
	Author = {Landau, L.~D. and Lifshitz, E.~M.},
	Publisher = {Pergamon Press},
	Title = {{Course of Theoretical Physics, Vol. 5, Statistical Physics, Part 1}},
	Year = {1980}}
	
@book{LandavshitzIX,
	author = {Landau,L.~D. and Lifshitz, E.~M.},
	publisher = "Pergamon Press",	
	title = "{Course of Theoretical Physics, Vol. 9, Statistical Physics, Part 2}",
	year = "1980"
}
@Article{Israel:1976tn,
     author    = "Israel, W.",
     title     = "{Nonstationary irreversible thermodynamics: A Causal
                  relativistic theory}",
     journal   = "Ann. Phys.",
     volume    = "100",
     year      = "1976",
     pages     = "310-331",
     doi       = "10.1016/0003-4916(76)90064-6",
     SLACcitation  = "%%CITATION = APNYA,100,310;%%"
}
@Article{Anisimov:2005ne,
     author    = "Anisimov, Alexey and Babichev, Eugeny and Vikman, Alexander
                  ",
     title     = "{B-inflation}",
     journal   = "JCAP",
     volume    = "0506",
     year      = "2005",
     pages     = "006",
     eprint    = "astro-ph/0504560",
     archivePrefix = "arXiv",
     doi       = "10.1088/1475-7516/2005/06/006",
     SLACcitation  = "%%CITATION = ASTRO-PH/0504560;%%"
}
@Article{deRham:2010ik,
     author    = "de Rham, Claudia and Gabadadze, Gregory",
     title     = "{Generalization of the Fierz-Pauli Action}",
     journal   = "Phys. Rev.",
     volume    = "D82",
     year      = "2010",
     pages     = "044020",
     eprint    = "1007.0443",
     archivePrefix = "arXiv",
     primaryClass  =  "hep-th",
     doi       = "10.1103/PhysRevD.82.044020",
     SLACcitation  = "%%CITATION = 1007.0443;%%"
}
@Article{deRham:2010gu,
     author    = "de Rham, Claudia and Gabadadze, Gregory",
     title     = "{Selftuned Massive Spin-2}",
     journal   = "Phys. Lett.",
     volume    = "B693",
     year      = "2010",
     pages     = "334-338",
     eprint    = "1006.4367",
     archivePrefix = "arXiv",
     primaryClass  =  "hep-th",
     doi       = "10.1016/j.physletb.2010.08.043",
     SLACcitation  = "%%CITATION = 1006.4367;%%"
}
@article{Kobayashi:2010cm,
      author         = "Kobayashi, Tsutomu and Yamaguchi, Masahide and Yokoyama,
                        Jun'ichi",
      title          = "{G-inflation: Inflation driven by the Galileon field}",
      journal        = "Phys.Rev.Lett.",
      volume         = "105",
      pages          = "231302",
      doi            = "10.1103/PhysRevLett.105.231302",
      year           = "2010",
      eprint         = "1008.0603",
      archivePrefix  = "arXiv",
      primaryClass   = "hep-th",
}
@Article{Mukohyama:2003nw,
     author    = "Mukohyama, Shinji and Randall, Lisa",
     title     = "{A dynamical approach to the cosmological constant}",
     journal   = "Phys. Rev. Lett.",
     volume    = "92",
     year      = "2004",
     pages     = "211302",
     eprint    = "hep-th/0306108",
     archivePrefix = "arXiv",
     doi       = "10.1103/PhysRevLett.92.211302",
     SLACcitation  = "%%CITATION = HEP-TH/0306108;%%"
}
@Article{Nojiri:2004bi,
     author    = "Nojiri, Shin'ichi and Odintsov, Sergei D.",
     title     = "{Gravity assisted dark energy dominance and cosmic
                  acceleration}",
     journal   = "Phys. Lett.",
     volume    = "B599",
     year      = "2004",
     pages     = "137-142",
     eprint    = "astro-ph/0403622",
     archivePrefix = "arXiv",
     doi       = "10.1016/j.physletb.2004.08.045",
     SLACcitation  = "%%CITATION = ASTRO-PH/0403622;%%"
}
@Article{Nojiri:2005sr,
     author    = "Nojiri, Shin'ichi and Odintsov, Sergei D.",
     title     = "{Inhomogeneous equation of state of the universe: Phantom
                  era, future  singularity and crossing the phantom
                  barrier}",
     journal   = "Phys. Rev.",
     volume    = "D72",
     year      = "2005",
     pages     = "023003",
     eprint    = "hep-th/0505215",
     archivePrefix = "arXiv",
     doi       = "10.1103/PhysRevD.72.023003",
     SLACcitation  = "%%CITATION = HEP-TH/0505215;%%"
}
@Article{Saridakis:2009jq,
     author    = "Saridakis, Emmanuel N. and Weller, Joel M.",
     title     = "{A Quintom scenario with mixed kinetic terms}",
     journal   = "Phys. Rev.",
     volume    = "D81",
     year      = "2010",
     pages     = "123523",
     eprint    = "0912.5304",
     archivePrefix = "arXiv",
     primaryClass  =  "hep-th",
     doi       = "10.1103/PhysRevD.81.123523",
     SLACcitation  = "%%CITATION = 0912.5304;%%"
}
@Article{Mota:2007sz,
     author    = "Mota, D. F. and Kristiansen, J. R. and Koivisto, T. and
                  Groeneboom, N. E.",
     title     = "{Constraining Dark Energy Anisotropic Stress}",
     journal   = "Mon. Not. Roy. Astron. Soc.",
     volume    = "382",
     year      = "2007",
     pages     = "793-800",
     eprint    = "0708.0830",
     archivePrefix = "arXiv",
     primaryClass  =  "astro-ph",
     doi       = "10.1111/j.1365-2966.2007.12413.x",
     SLACcitation  = "%%CITATION = 0708.0830;%%"
}
@Article{Koivisto:2005mm,
     author    = "Koivisto, Tomi and Mota, David F.",
     title     = "{Dark Energy Anisotropic Stress and Large Scale Structure
                  Formation}",
     journal   = "Phys. Rev.",
     volume    = "D73",
     year      = "2006",
     pages     = "083502",
     eprint    = "astro-ph/0512135",
     archivePrefix = "arXiv",
     doi       = "10.1103/PhysRevD.73.083502",
     SLACcitation  = "%%CITATION = ASTRO-PH/0512135;%%"
}
@Article{Koivisto:2008ig,
     author    = "Koivisto, Tomi and Mota, David F.",
     title     = "{Anisotropic Dark Energy: Dynamics of Background and
                  Perturbations}",
     journal   = "JCAP",
     volume    = "0806",
     year      = "2008",
     pages     = "018",
     eprint    = "0801.3676",
     archivePrefix = "arXiv",
     primaryClass  =  "astro-ph",
     doi       = "10.1088/1475-7516/2008/06/018",
     SLACcitation  = "%%CITATION = 0801.3676;%%"
}
@Article{Unnikrishnan:2010ag,
     author    = "Unnikrishnan, Sanil and Sriramkumar, L.",
     title     = "{A note on perfect scalar fields}",
     journal   = "Phys. Rev.",
     volume    = "D81",
     year      = "2010",
     pages     = "103511",
     eprint    = "1002.0820",
     archivePrefix = "arXiv",
     primaryClass  =  "astro-ph.CO",
     doi       = "10.1103/PhysRevD.81.103511",
     SLACcitation  = "%%CITATION = 1002.0820;%%"
}
@Article{ArmendarizPicon:2000ah,
     author    = "Armendariz-Picon, C. and Mukhanov, Viatcheslav F. and
                  Steinhardt, Paul J.",
     title     = "{Essentials of k-essence}",
     journal   = "Phys. Rev.",
     volume    = "D63",
     year      = "2001",
     pages     = "103510",
     eprint    = "astro-ph/0006373",
     archivePrefix = "arXiv",
     doi       = "10.1103/PhysRevD.63.103510",
     SLACcitation  = "%%CITATION = ASTRO-PH/0006373;%%"
}
@Article{ArmendarizPicon:2000dh,
     author    = "Armendariz-Picon, C. and Mukhanov, Viatcheslav F. and
                  Steinhardt, Paul J.",
     title     = "{A dynamical solution to the problem of a small
                  cosmological constant  and late-time cosmic acceleration}",
     journal   = "Phys. Rev. Lett.",
     volume    = "85",
     year      = "2000",
     pages     = "4438-4441",
     eprint    = "astro-ph/0004134",
     archivePrefix = "arXiv",
     doi       = "10.1103/PhysRevLett.85.4438",
     SLACcitation  = "%%CITATION = ASTRO-PH/0004134;%%"
}
@Article{ArmendarizPicon:1999rj,
     author    = "Armendariz-Picon, C. and Damour, T. and Mukhanov,
                  Viatcheslav F.",
     title     = "{k-Inflation}",
     journal   = "Phys. Lett.",
     volume    = "B458",
     year      = "1999",
     pages     = "209-218",
     eprint    = "hep-th/9904075",
     archivePrefix = "arXiv",
     doi       = "10.1016/S0370-2693(99)00603-6",
     SLACcitation  = "%%CITATION = HEP-TH/9904075;%%"
}
@Article{Garriga:1999vw,
     author    = "Garriga, Jaume and Mukhanov, Viatcheslav F.",
     title     = "{Perturbations in k-inflation}",
     journal   = "Phys. Lett.",
     volume    = "B458",
     year      = "1999",
     pages     = "219-225",
     eprint    = "hep-th/9904176",
     archivePrefix = "arXiv",
     doi       = "10.1016/S0370-2693(99)00602-4",
     SLACcitation  = "%%CITATION = HEP-TH/9904176;%%"
}
@Article{Gannouji:2010au,
     author    = "Gannouji, Radouane and Sami, M.",
     title     = "{Galileon gravity and its relevance to late time cosmic
                  acceleration}",
     journal   = "Phys. Rev.",
     volume    = "D82",
     year      = "2010",
     pages     = "024011",
     eprint    = "1004.2808",
     archivePrefix = "arXiv",
     primaryClass  =  "gr-qc",
     doi       = "10.1103/PhysRevD.82.024011",
     SLACcitation  = "%%CITATION = 1004.2808;%%"
}
@Article{Rubakov:2008nh,
     author    = "Rubakov, V. A. and Tinyakov, P. G.",
     title     = "{Infrared-modified gravities and massive gravitons}",
     journal   = "Phys. Usp.",
     volume    = "51",
     year      = "2008",
     pages     = "759-792",
     eprint    = "0802.4379",
     archivePrefix = "arXiv",
     primaryClass  =  "hep-th",
     doi       = "10.1070/PU2008v051n08ABEH006600",
     SLACcitation  = "%%CITATION = 0802.4379;%%"
}
@Article{Deffayet:2010zh,
     author    = "Deffayet, C. and Deser, S. and Esposito-Farese, G.",
     title     = "{Arbitrary p-form Galileons}",
     year      = "2010",
     eprint    = "1007.5278",
     archivePrefix = "arXiv",
     primaryClass  =  "gr-qc",
     SLACcitation  = "%%CITATION = 1007.5278;%%"
}
@Article{dePutter:2010vy,
     author    = "de Putter, Roland and Huterer, Dragan and Linder, Eric V.",
     title     = "{Measuring the Speed of Dark: Detecting Dark Energy
                  Perturbations}",
     journal   = "Phys. Rev.",
     volume    = "D81",
     year      = "2010",
     pages     = "103513",
     eprint    = "1002.1311",
     archivePrefix = "arXiv",
     primaryClass  =  "astro-ph.CO",
     doi       = "10.1103/PhysRevD.81.103513",
     SLACcitation  = "%%CITATION = 1002.1311;%%"
}
@Article{Boisseau:2000pr,
     author    = "Boisseau, B. and Esposito-Farese, Gilles and Polarski, D.
                  and Starobinsky, Alexei A.",
     title     = "{Reconstruction of a scalar-tensor theory of gravity in an
                  accelerating  universe}",
     journal   = "Phys. Rev. Lett.",
     volume    = "85",
     year      = "2000",
     pages     = "2236",
     eprint    = "gr-qc/0001066",
     archivePrefix = "arXiv",
     doi       = "10.1103/PhysRevLett.85.2236",
     SLACcitation  = "%%CITATION = GR-QC/0001066;%%"
}
@Article{Hu:2007nk,
     author    = "Hu, Wayne and Sawicki, Ignacy",
     title     = "{Models of f(R) Cosmic Acceleration that Evade Solar-System
                  Tests}",
     journal   = "Phys. Rev.",
     volume    = "D76",
     year      = "2007",
     pages     = "064004",
     eprint    = "0705.1158",
     archivePrefix = "arXiv",
     primaryClass  =  "astro-ph",
     doi       = "10.1103/PhysRevD.76.064004",
     SLACcitation  = "%%CITATION = 0705.1158;%%"
}
@Article{Gannouji:2006jm,
     author    = "Gannouji, Radouane and Polarski, David and Ranquet, Andre
                  and Starobinsky, Alexei A.",
     title     = "{Scalar-tensor models of normal and phantom dark energy}",
     journal   = "JCAP",
     volume    = "0609",
     year      = "2006",
     pages     = "016",
     eprint    = "astro-ph/0606287",
     archivePrefix = "arXiv",
     SLACcitation  = "%%CITATION = ASTRO-PH/0606287;%%"
}
@Article{Motohashi:2010tb,
     author    = "Motohashi, Hayato and Starobinsky, Alexei A. and Yokoyama,
                  Jun'ichi",
     title     = "{Phantom boundary crossing and anomalous growth index of
                  fluctuations in viable f(R) models of cosmic
                  acceleration}",
     year      = "2010",
     eprint    = "1002.1141",
     archivePrefix = "arXiv",
     primaryClass  =  "astro-ph.CO",
     SLACcitation  = "%%CITATION = 1002.1141;%%"
}
@Article{Komatsu:2010fb,
	author = "Komatsu, E. and others",
	title = "{Seven-Year Wilkinson Microwave Anisotropy Probe (WMAP)
	Observations: Cosmological Interpretation}",
	year = "2010",
	eprint = "1001.4538",
	archivePrefix = "arXiv",
	primaryClass = "astro-ph.CO",
	SLACcitation = "%%CITATION = 1001.4538;%%"
}
@Article{Caldwell:2005ai,
     author    = "Caldwell, Robert R. and Doran, Michael",
     title     = "{Dark-energy evolution across the cosmological-constant
                  boundary}",
     journal   = "Phys. Rev.",
     volume    = "D72",
     year      = "2005",
     pages     = "043527",
     eprint    = "astro-ph/0501104",
     archivePrefix = "arXiv",
     doi       = "10.1103/PhysRevD.72.043527",
     SLACcitation  = "%%CITATION = ASTRO-PH/0501104;%%"
}
@Article{Hu:2004kh,
     author    = "Hu, Wayne",
     title     = "{Crossing the phantom divide: Dark energy internal degrees
                  of freedom}",
     journal   = "Phys. Rev.",
     volume    = "D71",
     year      = "2005",
     pages     = "047301",
     eprint    = "astro-ph/0410680",
     archivePrefix = "arXiv",
     doi       = "10.1103/PhysRevD.71.047301",
     SLACcitation  = "%%CITATION = ASTRO-PH/0410680;%%"
}
@Article{Kunz:2006wc,
     author    = "Kunz, Martin and Sapone, Domenico",
     title     = "{Crossing the Phantom Divide}",
     journal   = "Phys. Rev.",
     volume    = "D74",
     year      = "2006",
     pages     = "123503",
     eprint    = "astro-ph/0609040",
     archivePrefix = "arXiv",
     doi       = "10.1103/PhysRevD.74.123503",
     SLACcitation  = "%%CITATION = ASTRO-PH/0609040;%%"
}
@Article{Feng:2004ad,
     author    = "Feng, Bo and Wang, Xiu-Lian and Zhang, Xin-Min",
     title     = "{Dark Energy Constraints from the Cosmic Age and
                  Supernova}",
     journal   = "Phys. Lett.",
     volume    = "B607",
     year      = "2005",
     pages     = "35-41",
     eprint    = "astro-ph/0404224",
     archivePrefix = "arXiv",
     doi       = "10.1016/j.physletb.2004.12.071",
     SLACcitation  = "%%CITATION = ASTRO-PH/0404224;%%"
}

@Article{Cai:2009zp,
     author    = "Cai, Yi-Fu and Saridakis, Emmanuel N. and Setare, Mohammad
                  R. and Xia, Jun-Qing",
     title     = "{Quintom Cosmology: Theoretical implications and
                  observations}",
     journal   = "Phys. Rept.",
     volume    = "493",
     year      = "2010",
     pages     = "1-60",
     eprint    = "0909.2776",
     archivePrefix = "arXiv",
     primaryClass  =  "hep-th",
     doi       = "10.1016/j.physrep.2010.04.001",
     SLACcitation  = "%%CITATION = 0909.2776;%%"
}
@Article{Zhao:2005vj,
     author    = "Zhao, Gong-Bo and Xia, Jun-Qing and Li, Mingzhe and Feng,
                  Bo and Zhang, Xinmin",
     title     = "{Perturbations of the Quintom Models of Dark Energy and the
                  Effects on Observations}",
     journal   = "Phys. Rev.",
     volume    = "D72",
     year      = "2005",
     pages     = "123515",
     eprint    = "astro-ph/0507482",
     archivePrefix = "arXiv",
     doi       = "10.1103/PhysRevD.72.123515",
     SLACcitation  = "%%CITATION = ASTRO-PH/0507482;%%"
}

@Article{Zhang:2009dw,
     author    = "Zhang, Hongsheng",
     title     = "{Crossing the phantom divide}",
     year      = "2009",
     eprint    = "0909.3013",
     archivePrefix = "arXiv",
     primaryClass  =  "astro-ph.CO",
     SLACcitation  = "%%CITATION = 0909.3013;%%"
}

@Article{Copeland:2006wr,
     author    = "Copeland, Edmund J. and Sami, M. and Tsujikawa, Shinji",
     title     = "{Dynamics of dark energy}",
     journal   = "Int. J. Mod. Phys.",
     volume    = "D15",
     year      = "2006",
     pages     = "1753-1936",
     eprint    = "hep-th/0603057",
     archivePrefix = "arXiv",
     doi       = "10.1142/S021827180600942X",
     SLACcitation  = "%%CITATION = HEP-TH/0603057;%%"
}

@Article{Lim:2010yk,
     author    = "Lim, Eugene A. and Sawicki, Ignacy and Vikman, Alexander",
     title     = "{Dust of Dark Energy}",
     journal   = "JCAP",
     volume    = "1005",
     year      = "2010",
     pages     = "012",
     eprint    = "1003.5751",
     archivePrefix = "arXiv",
     primaryClass  =  "astro-ph.CO",
     doi       = "10.1088/1475-7516/2010/05/012",
     SLACcitation  = "%%CITATION = 1003.5751;%%"
}


@Article{Abramo:2005be,
     author    = "Abramo, Luis Raul and Pinto-Neto, Nelson",
     title     = "{On the Stability of Phantom K-essence Theories}",
     journal   = "Phys. Rev.",
     volume    = "D73",
     year      = "2006",
     pages     = "063522",
     eprint    = "astro-ph/0511562",
     archivePrefix = "arXiv",
     doi       = "10.1103/PhysRevD.73.063522",
     SLACcitation  = "%%CITATION = ASTRO-PH/0511562;%%"
}

@Article{Sen:2005ra,
     author    = "Sen, Anjan Ananda",
     title     = "{Reconstructing K-essence}",
     journal   = "JCAP",
     volume    = "0603",
     year      = "2006",
     pages     = "010",
     eprint    = "astro-ph/0512406",
     archivePrefix = "arXiv",
     SLACcitation  = "%%CITATION = ASTRO-PH/0512406;%%"
}


@Article{Blas:2010hb,
     author    = "Blas, Diego and Pujolas, Oriol and Sibiryakov, Sergey",
     title     = "{Models of non-relativistic quantum gravity: the good, the
                  bad and the healthy}",
     year      = "2010",
     eprint    = "1007.3503",
     archivePrefix = "arXiv",
     primaryClass  =  "hep-th",
     SLACcitation  = "%%CITATION = 1007.3503;%%"
}
@Article{Dyer:2009yg,
     author    = "Dyer, Ethan and Hinterbichler, Kurt",
     title     = "{Boundary Terms and Junction Conditions for the DGP pi-
                  Lagrangian}",
     journal   = "JHEP",
     volume    = "11",
     year      = "2009",
     pages     = "059",
     eprint    = "0907.1691",
     archivePrefix = "arXiv",
     primaryClass  =  "hep-th",
     doi       = "10.1088/1126-6708/2009/11/059",
     SLACcitation  = "%%CITATION = 0907.1691;%%"
}

@Article{Eling:2007qd,
     author    = "Eling, Christopher and Foster, Brendan Z. and Jacobson, Ted
                  and Wall, Aron C.",
     title     = "{Lorentz violation and perpetual motion}",
     journal   = "Phys. Rev.",
     volume    = "D75",
     year      = "2007",
     pages     = "101502",
     eprint    = "hep-th/0702124",
     archivePrefix = "arXiv",
     doi       = "10.1103/PhysRevD.75.101502",
     SLACcitation  = "%%CITATION = HEP-TH/0702124;%%"
}

@Article{Dubovsky:2006vk,
     author    = "Dubovsky, S. L. and Sibiryakov, S. M.",
     title     = "{Spontaneous breaking of Lorentz invariance, black holes
                  and perpetuum  mobile of the 2nd kind}",
     journal   = "Phys. Lett.",
     volume    = "B638",
     year      = "2006",
     pages     = "509-514",
     eprint    = "hep-th/0603158",
     archivePrefix = "arXiv",
     doi       = "10.1016/j.physletb.2006.05.074",
     SLACcitation  = "%%CITATION = HEP-TH/0603158;%%"
}

@Article{Babichev:2006vx,
     author    = "Babichev, E. and Mukhanov, Viatcheslav F. and Vikman, A.",
     title     = "{Escaping from the black hole?}",
     journal   = "JHEP",
     volume    = "09",
     year      = "2006",
     pages     = "061",
     eprint    = "hep-th/0604075",
     archivePrefix = "arXiv",
     SLACcitation  = "%%CITATION = HEP-TH/0604075;%%"
}

@Article{Babichev:2007wg,
     author    = "Babichev, Eugeny and Mukhanov, Viatcheslav and Vikman,
                  Alexander",
     title     = "{Looking beyond the horizon}",
     year      = "2007",
     eprint    = "0704.3301",
     archivePrefix = "arXiv",
     primaryClass  =  "hep-th",
     SLACcitation  = "%%CITATION = 0704.3301;%%"
}


@article{Freese:2002sq,
	Archiveprefix = {arXiv},
	Author = {Freese, Katherine and Lewis, Matthew},
	Doi = {10.1016/S0370-2693(02)02122-6},
	Eprint = {astro-ph/0201229},
	Journal = {Phys. Lett.},
	Pages = {1-8},
	Slaccitation = {%%CITATION = ASTRO-PH/0201229;%%},
	Title = {{Cardassian Expansion: a Model in which the Universe is Flat, Matter Dominated, and Accelerating}},
	Volume = {B540},
	Year = {2002}}

@article{Magueijo:2010zc,
	Archiveprefix = {arXiv},
	Author = {Magueijo, Joao and Noller, Johannes and Piazza, Federico},
	Eprint = {1006.3216},
	Primaryclass = {astro-ph.CO},
	Slaccitation = {%%CITATION = 1006.3216;%%},
	Title = {{Bimetric structure formation: non-Gaussian predictions}},
	Year = {2010}}

@article{Magueijo:2008sx,
	Archiveprefix = {arXiv},
	Author = {Magueijo, Joao},
	Doi = {10.1103/PhysRevD.79.043525},
	Eprint = {0807.1689},
	Journal = {Phys. Rev.},
	Pages = {043525},
	Primaryclass = {gr-qc},
	Slaccitation = {%%CITATION = 0807.1689;%%},
	Title = {{Bimetric varying speed of light theories and primordial                   fluctuations}},
	Volume = {D79},
	Year = {2009}}

@article{Mukhanov:2005bu,
	Archiveprefix = {arXiv},
	Author = {Mukhanov, Viatcheslav F. and Vikman, Alexander},
	Eprint = {astro-ph/0512066},
	Journal = {JCAP},
	Pages = {004},
	Slaccitation = {%%CITATION = ASTRO-PH/0512066;%%},
	Title = {{Enhancing the tensor-to-scalar ratio in simple                   inflation}},
	Volume = {0602},
	Year = {2006}}

@article{Bessada:2009ns,
	Archiveprefix = {arXiv},
	Author = {Bessada, Dennis and Kinney, William H. and Stojkovic, Dejan                   and Wang, John},
	Doi = {10.1103/PhysRevD.81.043510},
	Eprint = {0908.3898},
	Journal = {Phys. Rev.},
	Pages = {043510},
	Primaryclass = {astro-ph.CO},
	Slaccitation = {%%CITATION = 0908.3898;%%},
	Title = {{Tachyacoustic Cosmology: An Alternative to Inflation}},
	Volume = {D81},
	Year = {2010}}

@article{Adams:2006sv,
	Archiveprefix = {arXiv},
	Author = {Adams, Allan and Arkani-Hamed, Nima and Dubovsky, Sergei                   and Nicolis, Alberto and Rattazzi, Riccardo},
	Eprint = {hep-th/0602178},
	Journal = {JHEP},
	Pages = {014},
	Slaccitation = {%%CITATION = HEP-TH/0602178;%%},
	Title = {{Causality, analyticity and an IR obstruction to UV                   completion}},
	Volume = {10},
	Year = {2006}}

@article{ArmendarizPicon:2005nz,
	Archiveprefix = {arXiv},
	Author = {Armendariz-Picon, C. and Lim, Eugene A.},
	Doi = {10.1088/1475-7516/2005/08/007},
	Eprint = {astro-ph/0505207},
	Journal = {JCAP},
	Pages = {007},
	Slaccitation = {%%CITATION = ASTRO-PH/0505207;%%},
	Title = {{Haloes of k-Essence}},
	Volume = {0508},
	Year = {2005}}

@article{Geroch:2010da,
	Archiveprefix = {arXiv},
	Author = {Geroch, Robert},
	Eprint = {1005.1614},
	Primaryclass = {gr-qc},
	Slaccitation = {%%CITATION = 1005.1614;%%},
	Title = {{Faster Than Light?}},
	Year = {2010}}

@article{Bruneton:2007si,
	Archiveprefix = {arXiv},
	Author = {Bruneton, Jean-Philippe and Esposito-Farese, Gilles},
	Doi = {10.1103/PhysRevD.76.124012},
	Eprint = {0705.4043},
	Journal = {Phys. Rev.},
	Pages = {124012},
	Primaryclass = {gr-qc},
	Slaccitation = {%%CITATION = 0705.4043;%%},
	Title = {{Field-theoretical formulations of MOND-like gravity}},
	Volume = {D76},
	Year = {2007}}

@article{Bruneton:2006gf,
	Archiveprefix = {arXiv},
	Author = {Bruneton, Jean-Philippe},
	Doi = {10.1103/PhysRevD.75.085013},
	Eprint = {gr-qc/0607055},
	Journal = {Phys. Rev.},
	Pages = {085013},
	Slaccitation = {%%CITATION = GR-QC/0607055;%%},
	Title = {{On causality and superluminal behavior in classical field                   theories. Applications to k-essence theories and MOND-like                   theories of gravity}},
	Volume = {D75},
	Year = {2007}}

@article{Kang:2007vs,
	Archiveprefix = {arXiv},
	Author = {Kang, Jin U. and Vanchurin, Vitaly and Winitzki, Sergei},
	Doi = {10.1103/PhysRevD.76.083511},
	Eprint = {0706.3994},
	Journal = {Phys. Rev.},
	Pages = {083511},
	Primaryclass = {gr-qc},
	Slaccitation = {%%CITATION = 0706.3994;%%},
	Title = {{Attractor scenarios and superluminal signals in k-essence                   cosmology}},
	Volume = {D76},
	Year = {2007}}

@article{DeFelice:2010pv,
      author         = "De Felice, Antonio and Tsujikawa, Shinji",
      title          = "{Cosmology of a covariant Galileon field}",
      journal        = "Phys.Rev.Lett.",
      volume         = "105",
      pages          = "111301",
      doi            = "10.1103/PhysRevLett.105.111301",
      year           = "2010",
      eprint         = "1007.2700",
      archivePrefix  = "arXiv",
      primaryClass   = "astro-ph.CO",
}
@article{Fairlie:1991qe,
	Archiveprefix = {arXiv},
	Author = {Fairlie, D. B. and Govaerts, J. and Morozov, A.},
	Doi = {10.1016/0550-3213(92)90455-K},
	Eprint = {hep-th/9110022},
	Journal = {Nucl. Phys.},
	Pages = {214-232},
	Slaccitation = {%%CITATION = HEP-TH/9110022;%%},
	Title = {{Universal Field Equations with Covariant Solutions}},
	Volume = {B373},
	Year = {1992}}

@article{Fairlie:1992nb,
	Archiveprefix = {arXiv},
	Author = {Fairlie, D. B. and Govaerts, J.},
	Doi = {10.1063/1.529904},
	Eprint = {hep-th/9204074},
	Journal = {J. Math. Phys.},
	Pages = {3543-3566},
	Slaccitation = {%%CITATION = HEP-TH/9204074;%%},
	Title = {{Euler hierarchies and universal equations}},
	Volume = {33},
	Year = {1992}}

@article{deRham:2010eu,
	Archiveprefix = {arXiv},
	Author = {de Rham, Claudia and Tolley, Andrew J.},
	Doi = {10.1088/1475-7516/2010/05/015},
	Eprint = {1003.5917},
	Journal = {JCAP},
	Pages = {015},
	Primaryclass = {hep-th},
	Slaccitation = {%%CITATION = 1003.5917;%%},
	Title = {{DBI and the Galileon reunited}},
	Volume = {1005},
	Year = {2010}}

@article{Babichev:2010jd,
	Archiveprefix = {arXiv},
	Author = {Babichev, E. and Deffayet, C. and Ziour, R.},
	Eprint = {1007.4506},
	Primaryclass = {gr-qc},
	Slaccitation = {%%CITATION = 1007.4506;%%},
	Title = {{The recovery of General Relativity in massive gravity via                   the Vainshtein mechanism}},
	Year = {2010}}
	
@article{Creminelli:2010ba,
      author         = "Creminelli, Paolo and Nicolis, Alberto and Trincherini,
                        Enrico",
      title          = "{Galilean Genesis: An Alternative to inflation}",
      journal        = "JCAP",
      volume         = "1011",
      pages          = "021",
      doi            = "10.1088/1475-7516/2010/11/021",
      year           = "2010",
      eprint         = "1007.0027",
      archivePrefix  = "arXiv",
      primaryClass   = "hep-th",
}

@article{Luty:2003vm,
      author         = "Luty, Markus A. and Porrati, Massimo and Rattazzi,
                        Riccardo",
      title          = "{Strong interactions and stability in the DGP model}",
      journal        = "JHEP",
      volume         = "0309",
      pages          = "029",
      year           = "2003",
      eprint         = "hep-th/0303116",
      archivePrefix  = "arXiv",
      primaryClass   = "hep-th",
      reportNumber   = "CERN-TH-2003-044, UMD-PP-03-041",
      SLACcitation   = "%%CITATION = HEP-TH/0303116;%%",
}


@article{Nicolis:2009qm,
	Archiveprefix = {arXiv},
	Author = {Nicolis, Alberto and Rattazzi, Riccardo and Trincherini, Enrico},
	Doi = {10.1007/JHEP05(2010)095},
	Eprint = {0912.4258},
	Journal = {JHEP},
	Pages = {095},
	Primaryclass = {hep-th},
	Slaccitation = {%%CITATION = 0912.4258;%%},
	Title = {{Energy's and amplitudes' positivity}},
	Volume = {05},
	Year = {2010}}

@article{Nicolis:2004qq,
      author         = "Nicolis, Alberto and Rattazzi, Riccardo",
      title          = "{Classical and quantum consistency of the DGP model}",
      journal        = "JHEP",
      volume         = "0406",
      pages          = "059",
      doi            = "10.1088/1126-6708/2004/06/059",
      year           = "2004",
      eprint         = "hep-th/0404159",
      archivePrefix  = "arXiv",
      primaryClass   = "hep-th",
      reportNumber   = "IFT-UAM-CSIC-04-13, CERN-PH-TH-2004-063",
      SLACcitation   = "%%CITATION = HEP-TH/0404159;%%",
}


@article{Vikman:2004dc,
	Archiveprefix = {arXiv},
	Author = {Vikman, Alexander},
	Doi = {10.1103/PhysRevD.71.023515},
	Eprint = {astro-ph/0407107},
	Journal = {Phys. Rev.},
	Pages = {023515},
	Slaccitation = {%%CITATION = ASTRO-PH/0407107;%%},
	Title = {{Can dark energy evolve to the phantom?}},
	Volume = {D71},
	Year = {2005}}

@article{Babichev:2007dw,
	Archiveprefix = {arXiv},
	Author = {Babichev, Eugeny and Mukhanov, Viatcheslav and Vikman,                   Alexander},
	Doi = {10.1088/1126-6708/2008/02/101},
	Eprint = {0708.0561},
	Journal = {JHEP},
	Pages = {101},
	Primaryclass = {hep-th},
	Slaccitation = {%%CITATION = 0708.0561;%%},
	Title = {{k-Essence, superluminal propagation, causality and                   emergent geometry}},
	Volume = {02},
	Year = {2008}}

@article{Maldacena:2002vr,
	Archiveprefix = {arXiv},
	Author = {Maldacena, Juan Martin},
	Eprint = {astro-ph/0210603},
	Journal = {JHEP},
	Pages = {013},
	Slaccitation = {%%CITATION = ASTRO-PH/0210603;%%},
	Title = {{Non-Gaussian features of primordial fluctuations in single                   field inflationary models}},
	Volume = {05},
	Year = {2003}}

@article{Bouras:2010hm,
	Archiveprefix = {arXiv},
	Author = {Bouras, I. and others},
	Eprint = {1006.0387},
	Primaryclass = {hep-ph},
	Slaccitation = {%%CITATION = 1006.0387;%%},
	Title = {{Investigation of shock waves in the relativistic Riemann                   problem: A comparison of viscous fluid dynamics to kinetic                   theory}},
	Year = {2010}}

@article{DeFelice:2010gb,
      author         = "De Felice, Antonio and Mukohyama, Shinji and Tsujikawa,
                        Shinji",
      title          = "{Density perturbations in general modified gravitational
                        theories}",
      journal        = "Phys.Rev.",
      volume         = "D82",
      pages          = "023524",
      doi            = "10.1103/PhysRevD.82.023524",
      year           = "2010",
      eprint         = "1006.0281",
      archivePrefix  = "arXiv",
      primaryClass   = "astro-ph.CO",
}

@Article{Schutz,
  author = "Schutz, Bernard F.",
  title  ="{Perfect Fluids in General Relativity: Velocity Potentials and a Variational Principle}",
  journal = "Phys.Rev.",
  volume = "D2",
  pages = "2762",
  year = "1970",
  doi = "10.1103/PhysRevD.2.2762",
 }

@Article{DeFelice:2010jn,
     author    = "De Felice, Antonio and Tsujikawa, Shinji",
     title     = "{Generalized Brans-Dicke theories}",
     journal   = "JCAP",
     volume    = "1007",
     year      = "2010",
     pages     = "024",
     eprint    = "1005.0868",
     archivePrefix = "arXiv",
     primaryClass  =  "astro-ph.CO",
     doi       = "10.1088/1475-7516/2010/07/024",
     SLACcitation  = "%%CITATION = 1005.0868;%%"
}
@Article{Germani:2010ux,
     author    = "Germani, Cristiano and Kehagias, Alex",
     title     = "{Cosmological Perturbations in the New Higgs Inflation}",
     journal   = "JCAP",
     volume    = "1005",
     year      = "2010",
     pages     = "019",
     eprint    = "1003.4285",
     archivePrefix = "arXiv",
     primaryClass  =  "astro-ph.CO",
     doi       = "10.1088/1475-7516/2010/05/019",
     SLACcitation  = "%%CITATION = 1003.4285;%%"
}


@Article{Germani:2010gm,
     author    = "Germani, Cristiano and Kehagias, Alex",
     title     = "{New Model of Inflation with Non-minimal Derivative
                  Coupling of Standard Model Higgs Boson to Gravity}",
     journal   = "Phys. Rev. Lett.",
     volume    = "105",
     year      = "2010",
     pages     = "011302",
     eprint    = "1003.2635",
     archivePrefix = "arXiv",
     primaryClass  =  "hep-ph",
     doi       = "10.1103/PhysRevLett.105.011302",
     SLACcitation  = "%%CITATION = 1003.2635;%%"
}


@Article{Gao:2010vr,
     author    = "Gao, Changjun",
     title     = "{When scalar field is kinetically coupled to the Einstein
                  tensor}",
     journal   = "JCAP",
     volume    = "1006",
     year      = "2010",
     pages     = "023",
     eprint    = "1002.4035",
     archivePrefix = "arXiv",
     primaryClass  =  "gr-qc",
     doi       = "10.1088/1475-7516/2010/06/023",
     SLACcitation  = "%%CITATION = 1002.4035;%%"
}


@Article{Saridakis:2010mf,
     author    = "Saridakis, Emmanuel N. and Sushkov, Sergey V.",
     title     = "{Quintessence and phantom cosmology with non-minimal
                  derivative coupling}",
     journal   = "Phys. Rev.",
     volume    = "D81",
     year      = "2010",
     pages     = "083510",
     eprint    = "1002.3478",
     archivePrefix = "arXiv",
     primaryClass  =  "gr-qc",
     doi       = "10.1103/PhysRevD.81.083510",
     SLACcitation  = "%%CITATION = 1002.3478;%%"
}


@article{Sushkov:2009hk,
	Archiveprefix = {arXiv},
	Author = {Sushkov, Sergey V.},
	Doi = {10.1103/PhysRevD.80.103505},
	Eprint = {0910.0980},
	Journal = {Phys. Rev.},
	Pages = {103505},
	Primaryclass = {gr-qc},
	Slaccitation = {%%CITATION = 0910.0980;%%},
	Title = {{Exact cosmological solutions with nonminimal derivative                   coupling}},
	Volume = {D80},
	Year = {2009}}

@article{Wang:2008zh,
	Archiveprefix = {arXiv},
	Author = {Wang, Yun},
	Doi = {10.1103/PhysRevD.77.123525},
	Eprint = {0803.4295},
	Journal = {Phys. Rev.},
	Pages = {123525},
	Primaryclass = {astro-ph},
	Slaccitation = {%%CITATION = 0803.4295;%%},
	Title = {{Figure of Merit for Dark Energy Constraints from Current                   Observational Data}},
	Volume = {D77},
	Year = {2008}}

@article{Doran:2001rw,
	Archiveprefix = {arXiv},
	Author = {Doran, Michael and Schwindt, Jan-Markus and Wetterich,                   Christof},
	Doi = {10.1103/PhysRevD.64.123520},
	Eprint = {astro-ph/0107525},
	Journal = {Phys. Rev.},
	Pages = {123520},
	Slaccitation = {%%CITATION = ASTRO-PH/0107525;%%},
	Title = {{Structure formation and the time dependence of                   quintessence}},
	Volume = {D64},
	Year = {2001}}

@article{Doran:2007ep,
	Archiveprefix = {arXiv},
	Author = {Doran, Michael and Robbers, Georg and Wetterich, Christof},
	Doi = {10.1103/PhysRevD.75.023003},
	Eprint = {astro-ph/0609814},
	Journal = {Phys. Rev.},
	Pages = {023003},
	Slaccitation = {%%CITATION = ASTRO-PH/0609814;%%},
	Title = {{Impact of three years of data from the Wilkinson Microwave                   Anisotropy Probe on cosmological models with dynamical dark                   energy}},
	Volume = {D75},
	Year = {2007}}

@article{Xia:2009ys,
	Archiveprefix = {arXiv},
	Author = {Xia, Jun-Qing and Viel, Matteo},
	Doi = {10.1088/1475-7516/2009/04/002},
	Eprint = {0901.0605},
	Journal = {JCAP},
	Pages = {002},
	Primaryclass = {astro-ph.CO},
	Slaccitation = {%%CITATION = 0901.0605;%%},
	Title = {{Early Dark Energy at High Redshifts: Status and                   Perspectives}},
	Volume = {0904},
	Year = {2009}}

@article{dePutter:2009kn,
	Archiveprefix = {arXiv},
	Author = {de Putter, Roland and Zahn, Oliver and Linder, Eric V.},
	Doi = {10.1103/PhysRevD.79.065033},
	Eprint = {0901.0916},
	Journal = {Phys. Rev.},
	Pages = {065033},
	Primaryclass = {astro-ph.CO},
	Slaccitation = {%%CITATION = 0901.0916;%%},
	Title = {{CMB Lensing Constraints on Neutrinos and Dark Energy}},
	Volume = {D79},
	Year = {2009}}

@article{Hollenstein:2009ph,
	Archiveprefix = {arXiv},
	Author = {Hollenstein, Lukas and Sapone, Domenico and Crittenden,                   Robert and Schaefer, Bjoern Malte},
	Doi = {10.1088/1475-7516/2009/04/012},
	Eprint = {0902.1494},
	Journal = {JCAP},
	Pages = {012},
	Primaryclass = {astro-ph.CO},
	Slaccitation = {%%CITATION = 0902.1494;%%},
	Title = {{Constraints on early dark energy from CMB lensing and weak                   lensing tomography}},
	Volume = {0904},
	Year = {2009}}

@book{Courant,
	Author = {Courant, R. and Hilbert, D.},
	Publisher = {Wiley-Interscience},
	Title = {{Methods of Mathematical Physics, Vol. 2}},
	Year = {1989}}

@article{Kobayashi:2009wr,
	Archiveprefix = {arXiv},
	Author = {Kobayashi, Tsutomu and Tashiro, Hiroyuki and Suzuki, Daichi                   },
	Eprint = {0912.4641},
	Journal = {Phys. Rev.},
	Pages = {063513},
	Primaryclass = {astro-ph.CO},
	Slaccitation = {%%CITATION = 0912.4641;%%},
	Title = {{Evolution of linear cosmological perturbations and its                   observational implications in Galileon-type modified                   gravity}},
	Volume = {D81},
	Year = {2010}}

@article{Dvali:2000hr,
	Archiveprefix = {arXiv},
	Author = {Dvali, Gia R. and Gabadadze, Gregory and Porrati, Massimo},
	Doi = {10.1016/S0370-2693(00)00669-9},
	Eprint = {hep-th/0005016},
	Journal = {Phys. Lett.},
	Pages = {208-214},
	Slaccitation = {%%CITATION = HEP-TH/0005016;%%},
	Title = {{4D gravity on a brane in 5D Minkowski space}},
	Volume = {B485},
	Year = {2000}}

@article{Deffayet:2000uy,
	Archiveprefix = {arXiv},
	Author = {Deffayet, Cedric},
	Doi = {10.1016/S0370-2693(01)00160-5},
	Eprint = {hep-th/0010186},
	Journal = {Phys. Lett.},
	Pages = {199-208},
	Slaccitation = {%%CITATION = HEP-TH/0010186;%%},
	Title = {{Cosmology on a brane in Minkowski bulk}},
	Volume = {B502},
	Year = {2001}}

@article{Fifth,
	Archiveprefix = {arXiv},
	Author = {Deffayet, Cedric and Dvali, G. R. and Gabadadze, Gregory},
	Doi = {10.1103/PhysRevD.65.044023},
	Eprint = {astro-ph/0105068},
	Journal = {Phys. Rev.},
	Pages = {044023},
	Slaccitation = {%%CITATION = ASTRO-PH/0105068;%%},
	Title = {{Accelerated universe from gravity leaking to extra                   dimensions}},
	Volume = {D65},
	Year = {2002}}

@article{Koyama:2005tx,
	Archiveprefix = {arXiv},
	Author = {Koyama, Kazuya},
	Doi = {10.1103/PhysRevD.72.123511},
	Eprint = {hep-th/0503191},
	Journal = {Phys. Rev.},
	Pages = {123511},
	Slaccitation = {%%CITATION = HEP-TH/0503191;%%},
	Title = {{Are there ghosts in the self-accelerating brane                   universe?}},
	Volume = {D72},
	Year = {2005}}

@article{Gorbunov:2005zk,
	Archiveprefix = {arXiv},
	Author = {Gorbunov, Dmitry and Koyama, Kazuya and Sibiryakov, Sergei                   },
	Doi = {10.1103/PhysRevD.73.044016},
	Eprint = {hep-th/0512097},
	Journal = {Phys. Rev.},
	Pages = {044016},
	Slaccitation = {%%CITATION = HEP-TH/0512097;%%},
	Title = {{More on ghosts in DGP model}},
	Volume = {D73},
	Year = {2006}}

@article{Charmousis:2006pn,
	Archiveprefix = {arXiv},
	Author = {Charmousis, Christos and Gregory, Ruth and Kaloper, Nemanja                   and Padilla, Antonio},
	Eprint = {hep-th/0604086},
	Journal = {JHEP},
	Pages = {066},
	Slaccitation = {%%CITATION = HEP-TH/0604086;%%},
	Title = {{DGP specteroscopy}},
	Volume = {10},
	Year = {2006}}

@article{Gregory:2007xy,
	Archiveprefix = {arXiv},
	Author = {Gregory, Ruth and Kaloper, Nemanja and Myers, Robert C. and                   Padilla, Antonio},
	Doi = {10.1088/1126-6708/2007/10/069},
	Eprint = {0707.2666},
	Journal = {JHEP},
	Pages = {069},
	Primaryclass = {hep-th},
	Slaccitation = {%%CITATION = 0707.2666;%%},
	Title = {{A New Perspective on DGP Gravity}},
	Volume = {10},
	Year = {2007}}

@article{Dvali:2004ph,
	Archiveprefix = {arXiv},
	Author = {Dvali, Gia},
	Eprint = {hep-th/0402130},
	Slaccitation = {%%CITATION = HEP-TH/0402130;%%},
	Title = {{Infrared modification of gravity}},
	Year = {2004}}

@article{Izumi:2007gs,
	Archiveprefix = {arXiv},
	Author = {Izumi, Keisuke and Koyama, Kazuya and Pujolas, Oriol and                   Tanaka, Takahiro},
	Doi = {10.1103/PhysRevD.76.104041},
	Eprint = {0706.1980},
	Journal = {Phys. Rev.},
	Pages = {104041},
	Primaryclass = {hep-th},
	Slaccitation = {%%CITATION = 0706.1980;%%},
	Title = {{Bubbles in the Self-Accelerating Universe}},
	Volume = {D76},
	Year = {2007}}

@article{Izumi:2007pb,
	Archiveprefix = {arXiv},
	Author = {Izumi, Keisuke and Tanaka, Takahiro},
	Doi = {10.1143/PTP.121.419},
	Eprint = {0709.0199},
	Journal = {Prog. Theor. Phys.},
	Pages = {419-426},
	Primaryclass = {gr-qc},
	Slaccitation = {%%CITATION = 0709.0199;%%},
	Title = {{No de Sitter invariant vacuum in massive gravity theory                   with ghost}},
	Volume = {121},
	Year = {2009}}

@article{Deffayet:2006wp,
	Archiveprefix = {arXiv},
	Author = {Deffayet, Cedric and Gabadadze, Gregory and Iglesias,                   Alberto},
	Eprint = {hep-th/0607099},
	Journal = {JCAP},
	Pages = {012},
	Slaccitation = {%%CITATION = HEP-TH/0607099;%%},
	Title = {{Perturbations of self-accelerated universe}},
	Volume = {0608},
	Year = {2006}}

@article{Isham:1971gm,
	Author = {Isham, C. J. and Salam, Abdus and Strathdee, J. A.},
	Doi = {10.1103/PhysRevD.3.867},
	Journal = {Phys. Rev.},
	Pages = {867-873},
	Slaccitation = {%%CITATION = PHRVA,D3,867;%%},
	Title = {{F-dominance of gravity}},
	Volume = {D3},
	Year = {1971}}

@article{ArkaniHamed:2002fu,
	Archiveprefix = {arXiv},
	Author = {Arkani-Hamed, Nima and Dimopoulos, Savas and Dvali, Gia and                   Gabadadze, Gregory},
	Eprint = {hep-th/0209227},
	Slaccitation = {%%CITATION = HEP-TH/0209227;%%},
	Title = {{Non-local modification of gravity and the cosmological                   constant problem}},
	Year = {2002}}

@article{Dvali:2007kt,
	Archiveprefix = {arXiv},
	Author = {Dvali, Gia and Hofmann, Stefan and Khoury, Justin},
	Doi = {10.1103/PhysRevD.76.084006},
	Eprint = {hep-th/0703027},
	Journal = {Phys. Rev.},
	Pages = {084006},
	Slaccitation = {%%CITATION = HEP-TH/0703027;%%},
	Title = {{Degravitation of the cosmological constant and graviton                   width}},
	Volume = {D76},
	Year = {2007}}

@article{deRham:2007xp,
	Archiveprefix = {arXiv},
	Author = {de Rham, Claudia and others},
	Doi = {10.1103/PhysRevLett.100.251603},
	Eprint = {0711.2072},
	Journal = {Phys. Rev. Lett.},
	Pages = {251603},
	Primaryclass = {hep-th},
	Slaccitation = {%%CITATION = 0711.2072;%%},
	Title = {{Cascading gravity: Extending the Dvali-Gabadadze-Porrati                   model to higher dimension}},
	Volume = {100},
	Year = {2008}}

@article{STRONG,
	Archiveprefix = {arXiv},
	Author = {Deffayet, Cedric and Dvali, G. R. and Gabadadze, Gregory                   and Vainshtein, Arkady I.},
	Doi = {10.1103/PhysRevD.65.044026},
	Eprint = {hep-th/0106001},
	Journal = {Phys. Rev.},
	Pages = {044026},
	Slaccitation = {%%CITATION = HEP-TH/0106001;%%},
	Title = {{Nonperturbative continuity in graviton mass versus                   perturbative  discontinuity}},
	Volume = {D65},
	Year = {2002}}

@article{ArkaniHamed:2002sp,
	Archiveprefix = {arXiv},
	Author = {Arkani-Hamed, Nima and Georgi, Howard and Schwartz, Matthew                   D.},
	Eprint = {hep-th/0210184},
	Journal = {Ann. Phys.},
	Pages = {96-118},
	Slaccitation = {%%CITATION = HEP-TH/0210184;%%},
	Title = {{Effective field theory for massive gravitons and gravity                   in theory space}},
	Volume = {305},
	Year = {2003}}

@article{lpr,
	Archiveprefix = {arXiv},
	Author = {Luty, Markus A. and Porrati, Massimo and Rattazzi, Riccardo                   },
	Eprint = {hep-th/0303116},
	Journal = {JHEP},
	Pages = {029},
	Slaccitation = {%%CITATION = HEP-TH/0303116;%%},
	Title = {{Strong interactions and stability in the DGP model}},
	Volume = {09},
	Year = {2003}}

@article{Rubakov:2003zb,
	Archiveprefix = {arXiv},
	Author = {Rubakov, V. A.},
	Eprint = {hep-th/0303125},
	Slaccitation = {%%CITATION = HEP-TH/0303125;%%},
	Title = {{Strong coupling in brane-induced gravity in five                   dimensions}},
	Year = {2003}}

@article{nr,
	Archiveprefix = {arXiv},
	Author = {Nicolis, Alberto and Rattazzi, Riccardo},
	Eprint = {hep-th/0404159},
	Journal = {JHEP},
	Pages = {059},
	Slaccitation = {%%CITATION = HEP-TH/0404159;%%},
	Title = {{Classical and quantum consistency of the DGP model}},
	Volume = {06},
	Year = {2004}}

@article{Creminelli:2005qk,
	Archiveprefix = {arXiv},
	Author = {Creminelli, Paolo and Nicolis, Alberto and Papucci, Michele                   and Trincherini, Enrico},
	Eprint = {hep-th/0505147},
	Journal = {JHEP},
	Pages = {003},
	Slaccitation = {%%CITATION = HEP-TH/0505147;%%},
	Title = {{Ghosts in massive gravity}},
	Volume = {09},
	Year = {2005}}

@article{Deffayet:2005ys,
	Archiveprefix = {arXiv},
	Author = {Deffayet, Cedric and Rombouts, Jan-Willem},
	Doi = {10.1103/PhysRevD.72.044003},
	Eprint = {gr-qc/0505134},
	Journal = {Phys. Rev.},
	Pages = {044003},
	Slaccitation = {%%CITATION = GR-QC/0505134;%%},
	Title = {{Ghosts, strong coupling and accidental symmetries in                   massive gravity}},
	Volume = {D72},
	Year = {2005}}

@article{Babichev:2009us,
	Archiveprefix = {arXiv},
	Author = {Babichev, E. and Deffayet, C. and Ziour, R.},
	Doi = {10.1088/1126-6708/2009/05/098},
	Eprint = {0901.0393},
	Journal = {JHEP},
	Pages = {098},
	Primaryclass = {hep-th},
	Slaccitation = {%%CITATION = 0901.0393;%%},
	Title = {{The Vainshtein mechanism in the Decoupling Limit of                   massive gravity}},
	Volume = {05},
	Year = {2009}}

@article{Vainshtein:1972sx,
	Author = {Vainshtein, A. I.},
	Doi = {10.1016/0370-2693(72)90147-5},
	Journal = {Phys. Lett.},
	Pages = {393-394},
	Slaccitation = {%%CITATION = PHLTA,B39,393;%%},
	Title = {{To the problem of nonvanishing gravitation mass}},
	Volume = {B39},
	Year = {1972}}

@Article{Nicolis:2008in,
     author    = "Nicolis, Alberto and Rattazzi, Riccardo and Trincherini,
                  Enrico",
     title     = "{The galileon as a local modification of gravity}",
     journal   = "Phys. Rev.",
     volume    = "D79",
     year      = "2009",
     pages     = "064036",
     eprint    = "0811.2197",
     archivePrefix = "arXiv",
     primaryClass  =  "hep-th",
     doi       = "10.1103/PhysRevD.79.064036",
     SLACcitation  = "%%CITATION = 0811.2197;%%"
}


@Article{covGal,
     author    = "Deffayet, C. and Esposito-Farese, Gilles and Vikman, A.",
     title     = "{Covariant Galileon}",
     journal   = "Phys. Rev.",
     volume    = "D79",
     year      = "2009",
     pages     = "084003",
     eprint    = "0901.1314",
     archivePrefix = "arXiv",
     primaryClass  =  "hep-th",
     doi       = "10.1103/PhysRevD.79.084003",
     SLACcitation  = "%%CITATION = 0901.1314;%%"
}

@Article{Deffayet:2009mn,
     author    = "Deffayet, C. and Deser, S. and Esposito-Farese, G.",
     title     = "{Generalized Galileons: All scalar models whose curved
                  background extensions maintain second-order field equations
                  and stress-tensors}",
     journal   = "Phys. Rev.",
     volume    = "D80",
     year      = "2009",
     pages     = "064015",
     eprint    = "0906.1967",
     archivePrefix = "arXiv",
     primaryClass  =  "gr-qc",
     doi       = "10.1103/PhysRevD.80.064015",
     SLACcitation  = "%%CITATION = 0906.1967;%%"
}


@article{Chow:2009fm,
	Archiveprefix = {arXiv},
	Author = {Chow, Nathan and Khoury, Justin},
	Doi = {10.1103/PhysRevD.80.024037},
	Eprint = {0905.1325},
	Journal = {Phys. Rev.},
	Pages = {024037},
	Primaryclass = {hep-th},
	Slaccitation = {%%CITATION = 0905.1325;%%},
	Title = {{Galileon Cosmology}},
	Volume = {D80},
	Year = {2009}}

@article{Silva:2009km,
	Archiveprefix = {arXiv},
	Author = {Silva, Fabio P and Koyama, Kazuya},
	Doi = {10.1103/PhysRevD.80.121301},
	Eprint = {0909.4538},
	Journal = {Phys. Rev.},
	Pages = {121301},
	Primaryclass = {astro-ph.CO},
	Slaccitation = {%%CITATION = 0909.4538;%%},
	Title = {{Self-Accelerating Universe in Galileon Cosmology}},
	Volume = {D80},
	Year = {2009}}

@Article{Babichev:2009jt,
     author    = "Babichev, E. and Deffayet, C. and Ziour, R.",
     title     = "{Recovering General Relativity from massive gravity}",
     journal   = "Phys. Rev. Lett.",
     volume    = "103",
     year      = "2009",
     pages     = "201102",
     eprint    = "0907.4103",
     archivePrefix = "arXiv",
     primaryClass  =  "gr-qc",
     doi       = "10.1103/PhysRevLett.103.201102",
     SLACcitation  = "%%CITATION = 0907.4103;%%"
}


@Article{ArkaniHamed:2003uy,
     author    = "Arkani-Hamed, Nima and Cheng, Hsin-Chia and Luty, Markus A.
                  and Mukohyama, Shinji",
     title     = "{Ghost condensation and a consistent infrared modification
                  of gravity}",
     journal   = "JHEP",
     volume    = "05",
     year      = "2004",
     pages     = "074",
     eprint    = "hep-th/0312099",
     archivePrefix = "arXiv",
     SLACcitation  = "%%CITATION = HEP-TH/0312099;%%"
}


@article{Rubakov:2004eb,
	Archiveprefix = {arXiv},
	Author = {Rubakov, V. A.},
	Eprint = {hep-th/0407104},
	Slaccitation = {%%CITATION = HEP-TH/0407104;%%},
	Title = {{Lorentz-violating graviton masses: Getting around ghosts,                   low strong  coupling scale and VDVZ discontinuity}},
	Year = {2004}}

@article{Dubovsky:2004sg,
	Archiveprefix = {arXiv},
	Author = {Dubovsky, S. L.},
	Doi = {10.1088/1126-6708/2004/10/076},
	Eprint = {hep-th/0409124},
	Journal = {JHEP},
	Pages = {076},
	Slaccitation = {%%CITATION = HEP-TH/0409124;%%},
	Title = {{Phases of massive gravity}},
	Volume = {10},
	Year = {2004}}

@article{Deffayet:2001pu,
	Archiveprefix = {arXiv},
	Author = {Deffayet, Cedric and Dvali, G. R. and Gabadadze, Gregory},
	Doi = {10.1103/PhysRevD.65.044023},
	Eprint = {astro-ph/0105068},
	Journal = {Phys. Rev.},
	Pages = {044023},
	Slaccitation = {%%CITATION = ASTRO-PH/0105068;%%},
	Title = {{Accelerated universe from gravity leaking to extra                   dimensions}},
	Volume = {D65},
	Year = {2002}}

@article{Babichev:2009ee,
	Archiveprefix = {arXiv},
	Author = {Babichev, E. and Deffayet, C. and Ziour, R.},
	Doi = {10.1142/S0218271809016107},
	Eprint = {0905.2943},
	Journal = {Int. J. Mod. Phys.},
	Pages = {2147-2154},
	Primaryclass = {hep-th},
	Slaccitation = {%%CITATION = 0905.2943;%%},
	Title = {{k-Mouflage gravity}},
	Volume = {D18},
	Year = {2009}}

@article{Creminelli:2008wc,
	Archiveprefix = {arXiv},
	Author = {Creminelli, Paolo and D'Amico, Guido and Norena, Jorge and                   Vernizzi, Filippo},
	Doi = {10.1088/1475-7516/2009/02/018},
	Eprint = {0811.0827},
	Journal = {JCAP},
	Pages = {018},
	Primaryclass = {astro-ph},
	Slaccitation = {%%CITATION = 0811.0827;%%},
	Title = {{The Effective Theory of Quintessence: the $w<-1$ Side                   Unveiled}},
	Volume = {0902},
	Year = {2009}}

@article{horava,
	Archiveprefix = {arXiv},
	Author = {Horava, Petr},
	Doi = {10.1103/PhysRevD.79.084008},
	Eprint = {0901.3775},
	Journal = {Phys. Rev.},
	Pages = {084008},
	Primaryclass = {hep-th},
	Slaccitation = {%%CITATION = 0901.3775;%%},
	Title = {{Quantum Gravity at a Lifshitz Point}},
	Volume = {D79},
	Year = {2009}}

@article{bps1,
	Archiveprefix = {arXiv},
	Author = {Blas, D. and Pujolas, O. and Sibiryakov, S.},
	Doi = {10.1088/1126-6708/2009/10/029},
	Eprint = {0906.3046},
	Journal = {JHEP},
	Pages = {029},
	Primaryclass = {hep-th},
	Slaccitation = {%%CITATION = 0906.3046;%%},
	Title = {{On the Extra Mode and Inconsistency of Horava Gravity}},
	Volume = {10},
	Year = {2009}}

@article{Andersson:2006nr,
	Archiveprefix = {arXiv},
	Author = {Andersson, N. and Comer, G. L.},
	Eprint = {gr-qc/0605010},
	Journal = {Living Rev. Rel.},
	Pages = {1},
	Slaccitation = {%%CITATION = GR-QC/0605010;%%},
	Title = {{Relativistic fluid dynamics: Physics for many different                   scales}},
	Volume = {10},
	Year = {2005}}

@article{Akhoury:2008nn,
	Archiveprefix = {arXiv},
	Author = {Akhoury, Ratindranath and Gauthier, Christopher S. and                   Vikman, Alexander},
	Doi = {10.1088/1126-6708/2009/03/082},
	Eprint = {0811.1620},
	Journal = {JHEP},
	Pages = {082},
	Primaryclass = {astro-ph},
	Slaccitation = {%%CITATION = 0811.1620;%%},
	Title = {{Stationary Configurations Imply Shift Symmetry: No Bondi                   Accretion for Quintessence / k-Essence}},
	Volume = {03},
	Year = {2009}}

@Article{bps2,
     author    = "Blas, D. and Pujolas, O. and Sibiryakov, S.",
     title     = "{Consistent Extension of Horava Gravity}",
     journal   = "Phys. Rev. Lett.",
     volume    = "104",
     year      = "2010",
     pages     = "181302",
     eprint    = "0909.3525",
     archivePrefix = "arXiv",
     primaryClass  =  "hep-th",
     doi       = "10.1103/PhysRevLett.104.181302",
     SLACcitation  = "%%CITATION = 0909.3525;%%"
}


@article{bps3,
     author    = "Blas, D. and Pujolas, O. and Sibiryakov, S.",
     title     = "{Comment on `Strong coupling in extended Horava-Lifshitz
                  gravity'}",
     journal   = "Phys. Lett.",
     volume    = "B688",
     year      = "2010",
     pages     = "350-355",
     eprint    = "0912.0550",
     archivePrefix = "arXiv",
     primaryClass  =  "hep-th",
     doi       = "10.1016/j.physletb.2010.03.073",
     SLACcitation  = "%%CITATION = 0912.0550;%%"
}
@Article{Kobayashi:2010wa,
     author    = "Kobayashi, Tsutomu",
     title     = "{Cosmic expansion and growth histories in Galileon scalar-
                  tensor models of dark energy}",
     journal   = "Phys. Rev.",
     volume    = "D81",
     year      = "2010",
     pages     = "103533",
     eprint    = "1003.3281",
     archivePrefix = "arXiv",
     primaryClass  =  "astro-ph.CO",
     doi       = "10.1103/PhysRevD.81.103533",
     SLACcitation  = "%%CITATION = 1003.3281;%%"
}

%----------------------------------------New Refs
@article{Qiu:2011cy,
      author         = "Qiu, Taotao and Evslin, Jarah and Cai, Yi-Fu and Li,
                        Mingzhe and Zhang, Xinmin",
      title          = "{Bouncing Galileon Cosmologies}",
      journal        = "JCAP",
      volume         = "1110",
      pages          = "036",
      doi            = "10.1088/1475-7516/2011/10/036",
      year           = "2011",
      eprint         = "1108.0593",
      archivePrefix  = "arXiv",
      primaryClass   = "hep-th",
      SLACcitation   = "%%CITATION = ARXIV:1108.0593;%%",
}

@Article{Buniy:2005vh,
     author    = "Buniy, Roman V. and Hsu, Stephen D. H.",
     title     = "{Instabilities and the null energy condition}",
     journal   = "Phys. Lett.",
     volume    = "B632",
     year      = "2006",
     pages     = "543-546",
     eprint    = "hep-th/0502203",
     archivePrefix = "arXiv",
     doi       = "10.1016/j.physletb.2005.10.075",
     SLACcitation  = "%%CITATION = HEP-TH/0502203;%%"
}

@Article{Buniy:2006xf,
     author    = "Buniy, Roman V. and Hsu, Stephen D. H. and Murray, Brian M.
                  ",
     title     = "{The null energy condition and instability}",
     journal   = "Phys. Rev.",
     volume    = "D74",
     year      = "2006",
     pages     = "063518",
     eprint    = "hep-th/0606091",
     archivePrefix = "arXiv",
     doi       = "10.1103/PhysRevD.74.063518",
     SLACcitation  = "%%CITATION = HEP-TH/0606091;%%"
}

@Article{Novello:2008ra,
     author    = "Novello, M. and Bergliaffa, S. E. Perez",
     title     = "{Bouncing Cosmologies}",
     journal   = "Phys. Rept.",
     volume    = "463",
     year      = "2008",
     pages     = "127-213",
     eprint    = "0802.1634",
     archivePrefix = "arXiv",
     primaryClass  =  "astro-ph",
     doi       = "10.1016/j.physrep.2008.04.006",
     SLACcitation  = "%%CITATION = 0802.1634;%%"
}

@Article{Lehners:2011kr,
     author    = "Lehners, Jean-Luc",
     title     = "{Cosmic Bounces and Cyclic Universes}",
     year      = "2011",
     eprint    = "1106.0172",
     archivePrefix = "arXiv",
     primaryClass  =  "hep-th",
     SLACcitation  = "%%CITATION = 1106.0172;%%"
}


@Article{Hawking:1969sw,
     author    = "Hawking, S. W. and Penrose, R.",
     title     = "{The Singularities of gravitational collapse and
                  cosmology}",
     journal   = "Proc. Roy. Soc. Lond.",
     volume    = "A314",
     year      = "1970",
     pages     = "529-548",
     doi       = "10.1098/rspa.1970.0021",
     SLACcitation  = "%%CITATION = PRSLA,A314,529;%%"
}

@Article{Gasperini:2002bn,
     author    = "Gasperini, M. and Veneziano, G.",
     title     = "{The pre-big bang scenario in string cosmology}",
     journal   = "Phys. Rept.",
     volume    = "373",
     year      = "2003",
     pages     = "1-212",
     eprint    = "hep-th/0207130",
     archivePrefix = "arXiv",
     doi       = "10.1016/S0370-1573(02)00389-7",
     SLACcitation  = "%%CITATION = HEP-TH/0207130;%%"
}

@Article{Khoury:2001bz,
     author    = "Khoury, Justin and Ovrut, Burt A. and Seiberg, Nathan and
                  Steinhardt, Paul J. and Turok, Neil",
     title     = "{From big crunch to big bang}",
     journal   = "Phys. Rev.",
     volume    = "D65",
     year      = "2002",
     pages     = "086007",
     eprint    = "hep-th/0108187",
     archivePrefix = "arXiv",
     doi       = "10.1103/PhysRevD.65.086007",
     SLACcitation  = "%%CITATION = HEP-TH/0108187;%%"
}

@article{Khoury:2001wf,
      author         = "Khoury, Justin and Ovrut, Burt A. and Steinhardt, Paul J.
                        and Turok, Neil",
      title          = "{The Ekpyrotic universe: Colliding branes and the origin
                        of the hot big bang}",
      journal        = "Phys.Rev.",
      volume         = "D64",
      pages          = "123522",
      doi            = "10.1103/PhysRevD.64.123522",
      year           = "2001",
      eprint         = "hep-th/0103239",
      archivePrefix  = "arXiv",
      primaryClass   = "hep-th",
}

@article{Tolman:1931zz,
      author         = "Tolman, Richard C.",
      title          = "{On the Problem of the Entropy of the Universe as a
                        Whole}",
      journal        = "Phys.Rev.",
      volume         = "37",
      pages          = "1639-1660",
      doi            = "10.1103/PhysRev.37.1639",
      year           = "1931",
}

@Article{Liu:2002yd,
     author    = "Liu, Hong and Moore, Gregory W. and Seiberg, Nathan",
     title     = "{The challenging cosmic singularity}",
     year      = "2002",
     eprint    = "gr-qc/0301001",
     archivePrefix = "arXiv",
     SLACcitation  = "%%CITATION = GR-QC/0301001;%%"
}
@article {Horndeski:1974,
   author = {Horndeski, Gregory Walter},
   affiliation = {Department of Applied Mathematics University of Waterloo Waterloo Ontario Canada},
   title = {Second-order scalar-tensor field equations in a four-dimensional space},
   journal = {Int. J. Theor. Phys.},
   publisher = {Springer Netherlands},
   pages = {363-384},
   volume = {10},
   issue = {6},
   doi = {10.1007/BF01807638},
   year = {1974}
}
@Article{Brandenberger:2011gk,
     author    = "Brandenberger, Robert H.",
     title     = "{Introduction to Early Universe Cosmology}",
     journal   = "PoS",
     volume    = "ICFI2010",
     year      = "2010",
     pages     = "001",
     eprint    = "1103.2271",
     archivePrefix = "arXiv",
     primaryClass  =  "astro-ph.CO",
     SLACcitation  = "%%CITATION = 1103.2271;%%"
}
@Article{Caldwell:2003vq,
     author    = "Caldwell, Robert R. and Kamionkowski, Marc and Weinberg,
                  Nevin N.",
     title     = "{Phantom Energy and Cosmic Doomsday}",
     journal   = "Phys. Rev. Lett.",
     volume    = "91",
     year      = "2003",
     pages     = "071301",
     eprint    = "astro-ph/0302506",
     archivePrefix = "arXiv",
     doi       = "10.1103/PhysRevLett.91.071301",
     SLACcitation  = "%%CITATION = ASTRO-PH/0302506;%%"
}
@article{Levasseur:2011mw,
      author         = "Levasseur, Laurence Perreault and Brandenberger, Robert
                        and Davis, Anne-Christine",
      title          = "{Defrosting in an Emergent Galileon Cosmology}",
      year           = "2011",
      eprint         = "1105.5649",
      archivePrefix  = "arXiv",
      primaryClass   = "astro-ph.CO",
}
@article{Borde:2001nh,
      author         = "Borde, Arvind and Guth, Alan H. and Vilenkin, Alexander",
      title          = "{Inflationary space-times are incompletein past
                        directions}",
      journal        = "Phys.Rev.Lett.",
      volume         = "90",
      pages          = "151301",
      doi            = "10.1103/PhysRevLett.90.151301",
      year           = "2003",
      eprint         = "gr-qc/0110012",
      archivePrefix  = "arXiv",
      primaryClass   = "gr-qc",
}
@article{Barrow:2004xh,
      author         = "Barrow, John D.",
      title          = "{Sudden future singularities}",
      journal        = "Class.Quant.Grav.",
      volume         = "21",
      pages          = "L79-L82",
      year           = "2004",
      eprint         = "gr-qc/0403084",
      archivePrefix  = "arXiv",
      primaryClass   = "gr-qc",
}
@article{Bessada:2009ns,
      author         = "Bessada, Dennis and Kinney, William H. and Stojkovic,
                        Dejan and Wang, John",
      title          = "{Tachyacoustic Cosmology: An Alternative to Inflation}",
      journal        = "Phys.Rev.",
      volume         = "D81",
      pages          = "043510",
      doi            = "10.1103/PhysRevD.81.043510",
      year           = "2010",
      eprint         = "0908.3898",
      archivePrefix  = "arXiv",
      primaryClass   = "astro-ph.CO",
}
@article{ArmendarizPicon:2006if,
      author         = "Armendariz-Picon, Cristian",
      title          = "{Near Scale Invariance with Modified Dispersion
                        Relations}",
      journal        = "JCAP",
      volume         = "0610",
      pages          = "010",
      doi            = "10.1088/1475-7516/2006/10/010",
      year           = "2006",
      eprint         = "astro-ph/0606168",
      archivePrefix  = "arXiv",
      primaryClass   = "astro-ph",
}
@article{Kinney:2007ag,
      author         = "Kinney, William H. and Tzirakis, Konstantinos",
      title          = "{Quantum modes in DBI inflation: exact solutions and
                        constraints from vacuum selection}",
      journal        = "Phys.Rev.",
      volume         = "D77",
      pages          = "103517",
      doi            = "10.1103/PhysRevD.77.103517",
      year           = "2008",
      eprint         = "0712.2043",
      archivePrefix  = "arXiv",
      primaryClass   = "astro-ph",
}